<?xml version="1.0" encoding="UTF-8"?>
<!DOCTYPE html PUBLIC "-//W3C//DTD XHTML 1.0 Transitional//EN"
    "http://www.w3.org/TR/xhtml1/DTD/xhtml1-transitional.dtd">
<html xmlns="http://www.w3.org/1999/xhtml" xml:lang="en" lang="en">
 <head>
  <title>
</title>
<meta http-equiv="Content-Type" content="text/html;charset=utf-8" />
  <meta name='ocr-system' content='tesseract 3.04.00' />
  <meta name='ocr-capabilities' content='ocr_page ocr_carea ocr_par ocr_line ocrx_word'/>
</head>
<body>
  <div class='ocr_page' id='page_1' title='image "./legisdvodecimta00schgoog_0178.png"; bbox 0 0 3709 5634; ppageno 0'>
   <div class='ocr_carea' id='block_1_1' title="bbox 276 592 1071 660">
    <p class='ocr_par' dir='ltr' id='par_1_1' title="bbox 276 592 1071 660">
     <span class='ocr_line' id='line_1_1' title="bbox 276 592 1071 660; baseline -0.005 0"><span class='ocrx_word' id='word_1_1' title='bbox 276 614 279 619; x_wconf 57' lang='grc'>’</span> <span class='ocrx_word' id='word_1_2' title='bbox 386 592 447 660; x_wconf 88' lang='grc'><strong>166</strong></span> <span class='ocrx_word' id='word_1_3' title='bbox 473 622 475 626; x_wconf 93' lang='grc'><strong><em>·</em></strong></span> <span class='ocrx_word' id='word_1_4' title='bbox 552 609 558 614; x_wconf 94' lang='grc'>·</span> <span class='ocrx_word' id='word_1_5' title='bbox 846 599 986 655; x_wconf 73' lang='lat' dir='ltr'><strong>rastas</strong></span> <span class='ocrx_word' id='word_1_6' title='bbox 1008 603 1071 656; x_wconf 87' lang='lat' dir='ltr'><strong>xn.</strong></span> 
     </span>
    </p>
   </div>
   <div class='ocr_carea' id='block_1_2' title="bbox 384 759 1532 1158">
    <p class='ocr_par' dir='ltr' id='par_1_2' title="bbox 384 759 1532 1158">
     <span class='ocr_line' id='line_1_2' title="bbox 384 759 1532 852; baseline 0 -22"><span class='ocrx_word' id='word_1_7' title='bbox 384 766 517 830; x_wconf 83' lang='lat' dir='ltr'>emisset</span> <span class='ocrx_word' id='word_1_8' title='bbox 536 781 598 829; x_wconf 86' lang='lat' dir='ltr'><strong>neo</strong></span> <span class='ocrx_word' id='word_1_9' title='bbox 618 759 759 850; x_wconf 88' lang='lat' dir='ltr'><strong>pretium</strong></span> <span class='ocrx_word' id='word_1_10' title='bbox 780 763 949 846; x_wconf 80' lang='lat' dir='ltr'><strong>redderet3</strong></span> <span class='ocrx_word' id='word_1_11' title='bbox 978 762 1056 827; x_wconf 89' lang='lat' dir='ltr'><strong>item</strong></span> <span class='ocrx_word' id='word_1_12' title='bbox 1084 760 1245 829; x_wconf 86' lang='lat' dir='ltr'><strong>aduersus</strong></span> <span class='ocrx_word' id='word_1_13' title='bbox 1268 783 1342 829; x_wconf 87' lang='lat' dir='ltr'><strong>eum</strong></span> <span class='ocrx_word' id='word_1_14' title='bbox 1364 759 1421 852; x_wconf 89' lang='lat' dir='ltr'><strong>qui</strong></span> <span class='ocrx_word' id='word_1_15' title='bbox 1447 781 1532 832; x_wconf 83' lang='lat' dir='ltr'><strong>mer-</strong></span> 
     </span>
     <span class='ocr_line' id='line_1_3' title="bbox 385 865 1531 953; baseline 0.002 -21"><span class='ocrx_word' id='word_1_16' title='bbox 385 869 498 933; x_wconf 92' lang='lat' dir='ltr'><strong>cedem</strong></span> <span class='ocrx_word' id='word_1_17' title='bbox 519 888 587 931; x_wconf 93' lang='lat' dir='ltr'><strong>non</strong></span> <span class='ocrx_word' id='word_1_18' title='bbox 608 865 762 932; x_wconf 89' lang='lat' dir='ltr'><strong>redderet</strong></span> <span class='ocrx_word' id='word_1_19' title='bbox 783 887 842 953; x_wconf 90' lang='lat' dir='ltr'><strong>pro</strong></span> <span class='ocrx_word' id='word_1_20' title='bbox 865 889 903 930; x_wconf 97' lang='lat' dir='ltr'><strong>eo</strong></span> <span class='ocrx_word' id='word_1_21' title='bbox 925 865 1072 930; x_wconf 90' lang='lat' dir='ltr'><strong>iumento</strong></span> <span class='ocrx_word' id='word_1_22' title='bbox 1095 867 1182 952; x_wconf 92' lang='lat' dir='ltr'><strong>quod</strong></span> <span class='ocrx_word' id='word_1_23' title='bbox 1196 867 1270 953; x_wconf 92' lang='lat' dir='ltr'><strong>quis</strong></span> <span class='ocrx_word' id='word_1_24' title='bbox 1286 867 1359 932; x_wconf 91' lang='lat' dir='ltr'><strong>ideo</strong></span> <span class='ocrx_word' id='word_1_25' title='bbox 1376 867 1531 951; x_wconf 83' lang='lat' dir='ltr'><strong>locasset,</strong></span> 
     </span>
     <span class='ocr_line' id='line_1_4' title="bbox 384 967 1532 1056; baseline 0 -21"><span class='ocrx_word' id='word_1_26' title='bbox 384 980 422 1035; x_wconf 91' lang='lat' dir='ltr'><strong>ut</strong></span> <span class='ocrx_word' id='word_1_27' title='bbox 444 969 521 1034; x_wconf 91' lang='lat' dir='ltr'><strong>inde</strong></span> <span class='ocrx_word' id='word_1_28' title='bbox 542 968 715 1056; x_wconf 90' lang='lat' dir='ltr'><strong>pecuniam</strong></span> <span class='ocrx_word' id='word_1_29' title='bbox 739 977 909 1054; x_wconf 84' lang='lat' dir='ltr'><strong>acceptam</strong></span> <span class='ocrx_word' id='word_1_30' title='bbox 930 969 965 1032; x_wconf 91' lang='lat' dir='ltr'><strong>in</strong></span> <span class='ocrx_word' id='word_1_31' title='bbox 990 967 1124 1053; x_wconf 87' lang='lat' dir='ltr'><strong>dapem,</strong></span> <span class='ocrx_word' id='word_1_32' title='bbox 1149 967 1184 1034; x_wconf 89' lang='lat' dir='ltr'><strong>id</strong></span> <span class='ocrx_word' id='word_1_33' title='bbox 1207 969 1312 1034; x_wconf 89' lang='lat' dir='ltr'><strong>estin</strong></span> <span class='ocrx_word' id='word_1_34' title='bbox 1334 970 1532 1035; x_wconf 86' lang='lat' dir='ltr'><strong>sacrificium</strong></span> 
     </span>
     <span class='ocr_line' id='line_1_5' title="bbox 385 1069 601 1158; baseline 0.009 -24"><span class='ocrx_word' id='word_1_35' title='bbox 385 1069 601 1158; x_wconf 66' lang='lat' dir='ltr'><strong>inpenderet?</strong></span> 
     </span>
    </p>
   </div>
   <div class='ocr_carea' id='block_1_3' title="bbox 386 1290 1542 1971">
    <p class='ocr_par' dir='ltr' id='par_1_3' title="bbox 472 1290 1290 1342">
     <span class='ocr_line' id='line_1_6' title="bbox 472 1290 1290 1342; baseline -0.001 -2"><span class='ocrx_word' id='word_1_36' title='bbox 472 1293 504 1340; x_wconf 87' lang='lat' dir='ltr'>SI</span> <span class='ocrx_word' id='word_1_37' title='bbox 526 1291 656 1342; x_wconf 85' lang='lat' dir='ltr'>SERVVS</span> <span class='ocrx_word' id='word_1_38' title='bbox 680 1292 821 1340; x_wconf 74' lang='lat' dir='ltr'>FVRTVM</span> <span class='ocrx_word' id='word_1_39' title='bbox 844 1291 951 1338; x_wconf 77' lang='lat' dir='ltr'>FAXIT</span> <span class='ocrx_word' id='word_1_40' title='bbox 973 1290 1158 1338; x_wconf 74' lang='lat' dir='ltr'>NOXIelMVE</span> <span class='ocrx_word' id='word_1_41' title='bbox 1180 1291 1290 1340; x_wconf 81' lang='lat' dir='ltr'>NOXIT</span> 
     </span>
    </p>

    <p class='ocr_par' dir='ltr' id='par_1_4' title="bbox 386 1375 1542 1971">
     <span class='ocr_line' id='line_1_7' title="bbox 471 1375 1531 1466; baseline 0 -22"><span class='ocrx_word' id='word_1_42' title='bbox 471 1378 575 1444; x_wconf 86' lang='lat' dir='ltr'><strong>Gaius</strong></span> <span class='ocrx_word' id='word_1_43' title='bbox 597 1377 679 1442; x_wconf 90' lang='lat' dir='ltr'><strong>Inst.</strong></span> <span class='ocrx_word' id='word_1_44' title='bbox 703 1377 752 1442; x_wconf 92' lang='lat' dir='ltr'>IV</span> <span class='ocrx_word' id='word_1_45' title='bbox 775 1377 817 1442; x_wconf 76' lang='lat'><strong>75</strong></span> <span class='ocrx_word' id='word_1_46' title='bbox 839 1400 887 1463; x_wconf 89' lang='lat' dir='ltr'><strong>sq.</strong></span> <span class='ocrx_word' id='word_1_47' title='bbox 910 1375 970 1463; x_wconf 91' lang='lat' dir='ltr'><strong>(id.</strong></span> <span class='ocrx_word' id='word_1_48' title='bbox 993 1376 1076 1440; x_wconf 89' lang='lat' dir='ltr'><strong>Inst.</strong></span> <span class='ocrx_word' id='word_1_49' title='bbox 1099 1377 1130 1458; x_wconf 89' lang='grc'><strong>4,</strong></span> <span class='ocrx_word' id='word_1_50' title='bbox 1154 1376 1173 1440; x_wconf 92' lang='grc'>8</span> <span class='ocrx_word' id='word_1_51' title='bbox 1196 1400 1245 1463; x_wconf 93' lang='lat' dir='ltr'><strong>pr.</strong></span> <span class='ocrx_word' id='word_1_52' title='bbox 1268 1381 1288 1459; x_wconf 66' lang='grc' dir='ltr'>ξ</span> <span class='ocrx_word' id='word_1_53' title='bbox 1309 1378 1344 1466; x_wconf 86' lang='grc'><strong>4)</strong></span> <span class='ocrx_word' id='word_1_54' title='bbox 1370 1379 1441 1444; x_wconf 75' lang='lat' dir='ltr'><strong>‘Ex</strong></span> <span class='ocrx_word' id='word_1_55' title='bbox 1463 1403 1531 1444; x_wconf 90' lang='lat' dir='ltr'><strong>ma-</strong></span> 
     </span>
     <span class='ocr_line' id='line_1_8' title="bbox 387 1477 1532 1558; baseline 0.003 -16"><span class='ocrx_word' id='word_1_56' title='bbox 387 1480 501 1544; x_wconf 85' lang='lat' dir='ltr'><strong>leficiis</strong></span> <span class='ocrx_word' id='word_1_57' title='bbox 528 1478 669 1544; x_wconf 86' lang='lat' dir='ltr'><strong>filiorum</strong></span> <span class='ocrx_word' id='word_1_58' title='bbox 698 1478 840 1543; x_wconf 87' lang='lat' dir='ltr'><strong>familias</strong></span> <span class='ocrx_word' id='word_1_59' title='bbox 863 1501 1090 1558; x_wconf 87' lang='lat' dir='ltr'><strong>seruorumue,</strong></span> <span class='ocrx_word' id='word_1_60' title='bbox 1119 1477 1222 1544; x_wconf 89' lang='lat' dir='ltr'><strong>ueluti</strong></span> <span class='ocrx_word' id='word_1_61' title='bbox 1250 1480 1278 1542; x_wconf 92' lang='lat' dir='ltr'><strong>si</strong></span> <span class='ocrx_word' id='word_1_62' title='bbox 1300 1479 1427 1546; x_wconf 88' lang='lat' dir='ltr'><strong>furtum</strong></span> <span class='ocrx_word' id='word_1_63' title='bbox 1448 1483 1532 1546; x_wconf 90' lang='lat' dir='ltr'><strong>fece-</strong></span> 
     </span>
     <span class='ocr_line' id='line_1_9' title="bbox 386 1579 1542 1668; baseline 0.003 -23"><span class='ocrx_word' id='word_1_64' title='bbox 386 1583 453 1647; x_wconf 84' lang='lat' dir='ltr'>rint</span> <span class='ocrx_word' id='word_1_65' title='bbox 486 1591 542 1646; x_wconf 89' lang='lat' dir='ltr'><strong>aut</strong></span> <span class='ocrx_word' id='word_1_66' title='bbox 572 1581 724 1645; x_wconf 89' lang='lat' dir='ltr'><strong>iniuriam</strong></span> <span class='ocrx_word' id='word_1_67' title='bbox 757 1581 981 1647; x_wconf 91' lang='lat' dir='ltr'><strong>commiserint</strong></span> <span class='ocrx_word' id='word_1_68' title='bbox 988 1628 1004 1662; x_wconf 91' lang='grc'><strong>,.</strong></span> <span class='ocrx_word' id='word_1_69' title='bbox 1030 1579 1165 1646; x_wconf 84' lang='lat' dir='ltr'><strong>noxales</strong></span> <span class='ocrx_word' id='word_1_70' title='bbox 1199 1581 1343 1647; x_wconf 84' lang='lat' dir='ltr'><strong>actiones</strong></span> <span class='ocrx_word' id='word_1_71' title='bbox 1378 1584 1542 1668; x_wconf 88' lang='lat' dir='ltr'><strong>proditae·</strong></span> 
     </span>
     <span class='ocr_line' id='line_1_10' title="bbox 387 1680 1532 1769; baseline 0 -21"><span class='ocrx_word' id='word_1_72' title='bbox 387 1694 478 1765; x_wconf 92' lang='lat' dir='ltr'><strong>sunt,</strong></span> <span class='ocrx_word' id='word_1_73' title='bbox 511 1684 560 1748; x_wconf 92' lang='lat' dir='ltr'><strong>uti</strong></span> <span class='ocrx_word' id='word_1_74' title='bbox 593 1680 707 1747; x_wconf 81' lang='lat' dir='ltr'><strong>liceret</strong></span> <span class='ocrx_word' id='word_1_75' title='bbox 739 1684 826 1769; x_wconf 90' lang='lat' dir='ltr'><strong>patri</strong></span> <span class='ocrx_word' id='word_1_76' title='bbox 859 1682 1034 1748; x_wconf 91' lang='lat' dir='ltr'><strong>dominoue</strong></span> <span class='ocrx_word' id='word_1_77' title='bbox 1072 1691 1129 1746; x_wconf 79' lang='lat' dir='ltr'><strong>aut</strong></span> <span class='ocrx_word' id='word_1_78' title='bbox 1165 1681 1232 1747; x_wconf 90' lang='lat' dir='ltr'><strong>litis</strong></span> <span class='ocrx_word' id='word_1_79' title='bbox 1270 1683 1532 1750; x_wconf 80' lang='lat' dir='ltr'><strong>aestimationem</strong></span> 
     </span>
     <span class='ocr_line' id='line_1_11' title="bbox 387 1783 1531 1851; baseline 0.002 -2"><span class='ocrx_word' id='word_1_80' title='bbox 387 1785 522 1849; x_wconf 85' lang='lat' dir='ltr'><strong>sufferre</strong></span> <span class='ocrx_word' id='word_1_81' title='bbox 537 1795 595 1850; x_wconf 86' lang='lat' dir='ltr'><strong>aut</strong></span> <span class='ocrx_word' id='word_1_82' title='bbox 615 1803 742 1850; x_wconf 85' lang='lat' dir='ltr'><strong>noxae</strong></span> <span class='ocrx_word' id='word_1_83' title='bbox 764 1784 911 1849; x_wconf 91' lang='lat' dir='ltr'><strong>dedere</strong></span> <span class='ocrx_word' id='word_1_84' title='bbox 929 1833 937 1848; x_wconf 97' lang='lat'><strong>.</strong></span> <span class='ocrx_word' id='word_1_85' title='bbox 955 1831 963 1847; x_wconf 98' lang='lat'><strong>.</strong></span> <span class='ocrx_word' id='word_1_86' title='bbox 981 1834 987 1848; x_wconf 94' lang='lat'><strong>.</strong></span> <span class='ocrx_word' id='word_1_87' title='bbox 1033 1783 1238 1850; x_wconf 81' lang='lat' dir='ltr'><strong>Constitutae</strong></span> <span class='ocrx_word' id='word_1_88' title='bbox 1260 1794 1337 1849; x_wconf 89' lang='lat' dir='ltr'><strong>sunt</strong></span> <span class='ocrx_word' id='word_1_89' title='bbox 1352 1795 1461 1850; x_wconf 90' lang='lat' dir='ltr'><strong>autem</strong></span> <span class='ocrx_word' id='word_1_90' title='bbox 1476 1809 1531 1851; x_wconf 92' lang='lat' dir='ltr'><strong>no·</strong></span> 
     </span>
     <span class='ocr_line' id='line_1_12' title="bbox 386 1884 1532 1971; baseline 0 -19"><span class='ocrx_word' id='word_1_91' title='bbox 386 1886 479 1952; x_wconf 80' lang='lat' dir='ltr'><strong>xales</strong></span> <span class='ocrx_word' id='word_1_92' title='bbox 509 1887 653 1952; x_wconf 89' lang='lat' dir='ltr'><strong>actiones</strong></span> <span class='ocrx_word' id='word_1_93' title='bbox 685 1897 743 1951; x_wconf 89' lang='lat' dir='ltr'><strong>aut</strong></span> <span class='ocrx_word' id='word_1_94' title='bbox 769 1885 898 1971; x_wconf 83' lang='lat' dir='ltr'><strong>legibus</strong></span> <span class='ocrx_word' id='word_1_95' title='bbox 926 1896 984 1951; x_wconf 90' lang='lat' dir='ltr'><strong>aut</strong></span> <span class='ocrx_word' id='word_1_96' title='bbox 1006 1885 1129 1968; x_wconf 79' lang='lat' dir='ltr'><strong>edict03</strong></span> <span class='ocrx_word' id='word_1_97' title='bbox 1157 1884 1303 1971; x_wconf 85' lang='lat' dir='ltr'><strong>legibus,</strong></span> <span class='ocrx_word' id='word_1_98' title='bbox 1333 1887 1425 1954; x_wconf 91' lang='lat' dir='ltr'><strong>uelut</strong></span> <span class='ocrx_word' id='word_1_99' title='bbox 1451 1889 1532 1953; x_wconf 90' lang='lat' dir='ltr'><strong>furti</strong></span> 
     </span>
    </p>
   </div>
   <div class='ocr_carea' id='block_1_4' title="bbox 387 1987 919 2074">
    <p class='ocr_par' dir='ltr' id='par_1_5' title="bbox 387 1987 919 2074">
     <span class='ocr_line' id='line_1_13' title="bbox 387 1987 919 2074; baseline -0.002 -21"><span class='ocrx_word' id='word_1_100' title='bbox 387 1989 459 2074; x_wconf 88' lang='lat' dir='ltr'><strong>lege</strong></span> <span class='ocrx_word' id='word_1_101' title='bbox 481 1989 552 2053; x_wconf 89' lang='lat' dir='ltr'><strong>XII</strong></span> <span class='ocrx_word' id='word_1_102' title='bbox 575 1987 778 2054; x_wconf 89' lang='lat' dir='ltr'><strong>tabularum&#39;</strong></span> <span class='ocrx_word' id='word_1_103' title='bbox 801 2010 829 2054; x_wconf 91' lang='lat' dir='ltr'><strong>e.</strong></span> <span class='ocrx_word' id='word_1_104' title='bbox 846 2011 876 2074; x_wconf 92' lang='lat' dir='ltr'><strong>q.</strong></span> <span class='ocrx_word' id='word_1_105' title='bbox 892 2011 919 2052; x_wconf 94' lang='lat' dir='ltr'><strong>s.</strong></span> 
     </span>
    </p>
   </div>
   <div class='ocr_carea' id='block_1_5' title="bbox 296 2229 1531 2300">
    <p class='ocr_par' dir='ltr' id='par_1_6' title="bbox 296 2229 1531 2300">
     <span class='ocr_line' id='line_1_14' title="bbox 296 2229 1531 2300; baseline 0.007 -24"><span class='ocrx_word' id='word_1_106' title='bbox 296 2269 300 2276; x_wconf 85' lang='grc'>,</span> <span class='ocrx_word' id='word_1_107' title='bbox 388 2232 471 2279; x_wconf 87' lang='lat' dir='ltr'><strong>etiam</strong></span> <span class='ocrx_word' id='word_1_108' title='bbox 495 2229 585 2280; x_wconf 88' lang='lat' dir='ltr'><strong>uideri</strong></span> <span class='ocrx_word' id='word_1_109' title='bbox 608 2233 700 2295; x_wconf 88' lang='lat' dir='ltr'><strong>potest</strong></span> <span class='ocrx_word' id='word_1_110' title='bbox 722 2245 817 2280; x_wconf 88' lang='lat' dir='ltr'><strong>uerum</strong></span> <span class='ocrx_word' id='word_1_111' title='bbox 841 2245 901 2280; x_wconf 87' lang='lat' dir='ltr'><strong>esse</strong></span> <span class='ocrx_word' id='word_1_112' title='bbox 922 2229 1018 2296; x_wconf 90' lang='lat' dir='ltr'><strong>(quod)</strong></span> <span class='ocrx_word' id='word_1_113' title='bbox 1042 2231 1152 2295; x_wconf 87' lang='lat' dir='ltr'><strong>quidam</strong></span> <span class='ocrx_word' id='word_1_114' title='bbox 1174 2235 1275 2297; x_wconf 87' lang='lat' dir='ltr'><strong>putant</strong></span> <span class='ocrx_word' id='word_1_115' title='bbox 1298 2231 1398 2297; x_wconf 81' lang='lat' dir='ltr'><strong>pignus</strong></span> <span class='ocrx_word' id='word_1_116' title='bbox 1422 2236 1531 2300; x_wconf 87' lang='lat' dir='ltr'><strong>proprie</strong></span> 
     </span>
    </p>
   </div>
   <div class='ocr_carea' id='block_1_6' title="bbox 386 2314 1533 3484">
    <p class='ocr_par' dir='ltr' id='par_1_7' title="bbox 386 2314 1532 2537">
     <span class='ocr_line' id='line_1_15' title="bbox 387 2314 1532 2384; baseline 0.005 -21"><span class='ocrx_word' id='word_1_117' title='bbox 387 2315 427 2364; x_wconf 91' lang='lat' dir='ltr'><strong>rei</strong></span> <span class='ocrx_word' id='word_1_118' title='bbox 445 2315 555 2364; x_wconf 91' lang='lat' dir='ltr'><strong>mobilis</strong></span> <span class='ocrx_word' id='word_1_119' title='bbox 575 2316 730 2365; x_wconf 81' lang='lat' dir='ltr'><strong>constitui&#39;</strong></span> <span class='ocrx_word' id='word_1_120' title='bbox 767 2316 804 2365; x_wconf 86' lang='lat' dir='ltr'><strong>cf.</strong></span> <span class='ocrx_word' id='word_1_121' title='bbox 828 2314 932 2364; x_wconf 88' lang='lat' dir='ltr'><strong>Paulus</strong></span> <span class='ocrx_word' id='word_1_122' title='bbox 952 2331 1011 2364; x_wconf 81' lang='lat' dir='ltr'><strong>exc.</strong></span> <span class='ocrx_word' id='word_1_123' title='bbox 1030 2331 1056 2378; x_wconf 91' lang='lat' dir='ltr'><strong>p.</strong></span> <span class='ocrx_word' id='word_1_124' title='bbox 1076 2317 1109 2365; x_wconf 87' lang='grc'><strong>68</strong></span> <span class='ocrx_word' id='word_1_125' title='bbox 1127 2316 1164 2365; x_wconf 89' lang='grc' dir='ltr'><strong>Μ.</strong></span> <span class='ocrx_word' id='word_1_126' title='bbox 1188 2317 1282 2382; x_wconf 83' lang='lat' dir='ltr'><strong>‘Daps</strong></span> <span class='ocrx_word' id='word_1_127' title='bbox 1306 2317 1379 2384; x_wconf 88' lang='lat' dir='ltr'><strong>apud</strong></span> <span class='ocrx_word' id='word_1_128' title='bbox 1403 2321 1532 2384; x_wconf 89' lang='lat' dir='ltr'><strong>antiquos</strong></span> 
     </span>
     <span class='ocr_line' id='line_1_16' title="bbox 388 2399 1532 2470; baseline 0.006 -22"><span class='ocrx_word' id='word_1_129' title='bbox 388 2399 535 2448; x_wconf 86' lang='lat' dir='ltr'><strong>dicebatur</strong></span> <span class='ocrx_word' id='word_1_130' title='bbox 552 2415 597 2449; x_wconf 89' lang='lat' dir='ltr'><strong>res</strong></span> <span class='ocrx_word' id='word_1_131' title='bbox 615 2399 711 2449; x_wconf 87' lang='lat' dir='ltr'><strong>diuina</strong></span> <span class='ocrx_word' id='word_1_132' title='bbox 729 2415 798 2464; x_wconf 90' lang='lat' dir='ltr'><strong>quae</strong></span> <span class='ocrx_word' id='word_1_133' title='bbox 817 2399 903 2449; x_wconf 88' lang='lat' dir='ltr'><strong>fiebat</strong></span> <span class='ocrx_word' id='word_1_134' title='bbox 920 2404 970 2449; x_wconf 88' lang='lat' dir='ltr'><strong>aut</strong></span> <span class='ocrx_word' id='word_1_135' title='bbox 982 2400 1099 2450; x_wconf 86' lang='lat' dir='ltr'><strong>hiberna</strong></span> <span class='ocrx_word' id='word_1_136' title='bbox 1111 2403 1230 2452; x_wconf 87' lang='lat' dir='ltr'><strong>sementi</strong></span> <span class='ocrx_word' id='word_1_137' title='bbox 1247 2406 1296 2452; x_wconf 85' lang='lat' dir='ltr'><strong>aut</strong></span> <span class='ocrx_word' id='word_1_138' title='bbox 1311 2408 1413 2454; x_wconf 89' lang='lat' dir='ltr'><strong>uerna’</strong></span> <span class='ocrx_word' id='word_1_139' title='bbox 1433 2421 1457 2454; x_wconf 89' lang='lat' dir='ltr'><strong>e.</strong></span> <span class='ocrx_word' id='word_1_140' title='bbox 1471 2421 1495 2470; x_wconf 91' lang='lat' dir='ltr'><strong>q.</strong></span> <span class='ocrx_word' id='word_1_141' title='bbox 1510 2421 1532 2455; x_wconf 89' lang='lat' dir='ltr'><strong>s.</strong></span> 
     </span>
     <span class='ocr_line' id='line_1_17' title="bbox 386 2484 671 2537; baseline 0.004 -4"><span class='ocrx_word' id='word_1_142' title='bbox 386 2484 443 2537; x_wconf 87' lang='lat' dir='ltr'><strong>uid.</strong></span> <span class='ocrx_word' id='word_1_143' title='bbox 463 2485 548 2534; x_wconf 86' lang='lat' dir='ltr'><strong>etlam</strong></span> <span class='ocrx_word' id='word_1_144' title='bbox 565 2485 619 2534; x_wconf 87' lang='lat' dir='ltr'><strong>VH</strong></span> <span class='ocrx_word' id='word_1_145' title='bbox 632 2487 671 2535; x_wconf 90' lang='lat' dir='ltr'><strong>ll.</strong></span> 
     </span>
    </p>

    <p class='ocr_par' dir='ltr' id='par_1_8' title="bbox 387 2568 1533 3484">
     <span class='ocr_line' id='line_1_18' title="bbox 456 2568 1532 2635; baseline 0.005 -16"><span class='ocrx_word' id='word_1_146' title='bbox 456 2573 480 2622; x_wconf 89' lang='grc'><strong>3.</strong></span> <span class='ocrx_word' id='word_1_147' title='bbox 499 2568 637 2635; x_wconf 89' lang='lat' dir='ltr'><strong>leianus</strong></span> <span class='ocrx_word' id='word_1_148' title='bbox 655 2569 674 2621; x_wconf 87' lang='lat' dir='ltr'><strong>l.</strong></span> <span class='ocrx_word' id='word_1_149' title='bbox 694 2570 787 2620; x_wconf 89' lang='lat' dir='ltr'>XVIII</span> <span class='ocrx_word' id='word_1_150' title='bbox 804 2568 839 2618; x_wconf 91' lang='lat' dir='ltr'><strong>ad</strong></span> <span class='ocrx_word' id='word_1_151' title='bbox 858 2569 900 2623; x_wconf 86' lang='lat' dir='ltr'><strong>ed,</strong></span> <span class='ocrx_word' id='word_1_152' title='bbox 919 2570 954 2618; x_wconf 92' lang='lat' dir='ltr'><strong>D.</strong></span> <span class='ocrx_word' id='word_1_153' title='bbox 974 2571 998 2632; x_wconf 87' lang='lat'><strong>9,</strong></span> <span class='ocrx_word' id='word_1_154' title='bbox 1017 2571 1043 2632; x_wconf 81' lang='lat'><strong>4,</strong></span> <span class='ocrx_word' id='word_1_155' title='bbox 1063 2571 1078 2619; x_wconf 83' lang='lat'><strong>2</strong></span> <span class='ocrx_word' id='word_1_156' title='bbox 1096 2571 1111 2631; x_wconf 67' lang='grc' dir='ltr'><strong>ξ</strong></span> <span class='ocrx_word' id='word_1_157' title='bbox 1132 2574 1144 2620; x_wconf 97' lang='lat' dir='ltr'>l</span> <span class='ocrx_word' id='word_1_158' title='bbox 1165 2570 1276 2622; x_wconf 76' lang='lat' dir='ltr'><strong>‘Celsus</strong></span> <span class='ocrx_word' id='word_1_159' title='bbox 1293 2575 1388 2624; x_wconf 87' lang='lat' dir='ltr'><strong>tamen</strong></span> <span class='ocrx_word' id='word_1_160' title='bbox 1406 2573 1532 2624; x_wconf 83' lang='lat' dir='ltr'><strong>differen-</strong></span> 
     </span>
     <span class='ocr_line' id='line_1_19' title="bbox 388 2653 1531 2725; baseline 0.005 -22"><span class='ocrx_word' id='word_1_161' title='bbox 388 2655 456 2703; x_wconf 88' lang='lat' dir='ltr'><strong>tiam</strong></span> <span class='ocrx_word' id='word_1_162' title='bbox 475 2654 546 2704; x_wconf 79' lang='lat' dir='ltr'><strong>facit</strong></span> <span class='ocrx_word' id='word_1_163' title='bbox 563 2655 636 2705; x_wconf 91' lang='lat' dir='ltr'><strong>inter</strong></span> <span class='ocrx_word' id='word_1_164' title='bbox 654 2654 744 2720; x_wconf 85' lang='lat' dir='ltr'><strong>legem</strong></span> <span class='ocrx_word' id='word_1_165' title='bbox 762 2653 903 2718; x_wconf 79' lang='lat' dir='ltr'><strong>Aquiliam</strong></span> <span class='ocrx_word' id='word_1_166' title='bbox 923 2659 951 2704; x_wconf 92' lang='lat' dir='ltr'><strong>et</strong></span> <span class='ocrx_word' id='word_1_167' title='bbox 969 2654 1059 2718; x_wconf 83' lang='lat' dir='ltr'><strong>legem</strong></span> <span class='ocrx_word' id='word_1_168' title='bbox 1077 2654 1131 2705; x_wconf 89' lang='lat' dir='ltr'><strong>XII</strong></span> <span class='ocrx_word' id='word_1_169' title='bbox 1149 2655 1315 2708; x_wconf 84' lang='lat' dir='ltr'><strong>tabularum.</strong></span> <span class='ocrx_word' id='word_1_170' title='bbox 1334 2657 1404 2708; x_wconf 87' lang='lat' dir='ltr'><strong>Nam</strong></span> <span class='ocrx_word' id='word_1_171' title='bbox 1422 2659 1450 2708; x_wconf 92' lang='lat' dir='ltr'><strong>iu</strong></span> <span class='ocrx_word' id='word_1_172' title='bbox 1468 2659 1531 2725; x_wconf 83' lang='lat' dir='ltr'><strong>lege</strong></span> 
     </span>
     <span class='ocr_line' id='line_1_20' title="bbox 389 2738 1532 2809; baseline 0.005 -21"><span class='ocrx_word' id='word_1_173' title='bbox 389 2740 504 2804; x_wconf 88' lang='lat' dir='ltr'><strong>antiqua</strong></span> <span class='ocrx_word' id='word_1_174' title='bbox 514 2738 559 2804; x_wconf 86' lang='lat' dir='ltr'><strong>(si)</strong></span> <span class='ocrx_word' id='word_1_175' title='bbox 573 2755 669 2790; x_wconf 89' lang='lat' dir='ltr'><strong>seruus</strong></span> <span class='ocrx_word' id='word_1_176' title='bbox 680 2740 788 2790; x_wconf 85' lang='lat' dir='ltr'><strong>sciente</strong></span> <span class='ocrx_word' id='word_1_177' title='bbox 798 2739 908 2790; x_wconf 90' lang='lat' dir='ltr'><strong>domino</strong></span> <span class='ocrx_word' id='word_1_178' title='bbox 917 2739 1019 2788; x_wconf 88' lang='lat' dir='ltr'><strong>furtum</strong></span> <span class='ocrx_word' id='word_1_179' title='bbox 1030 2739 1100 2789; x_wconf 84' lang='lat' dir='ltr'><strong>iecit</strong></span> <span class='ocrx_word' id='word_1_180' title='bbox 1112 2739 1159 2790; x_wconf 88' lang='lat' dir='ltr'><strong>uel</strong></span> <span class='ocrx_word' id='word_1_181' title='bbox 1170 2740 1253 2791; x_wconf 90' lang='lat' dir='ltr'><strong>aliam</strong></span> <span class='ocrx_word' id='word_1_182' title='bbox 1263 2757 1361 2792; x_wconf 84' lang='lat' dir='ltr'><strong>noxam</strong></span> <span class='ocrx_word' id='word_1_183' title='bbox 1373 2740 1402 2806; x_wconf 93' lang='lat' dir='ltr'><strong>(l.</strong></span> <span class='ocrx_word' id='word_1_184' title='bbox 1413 2745 1532 2809; x_wconf 83' lang='lat' dir='ltr'><strong>noxiam)</strong></span> 
     </span>
     <span class='ocr_line' id='line_1_21' title="bbox 389 2823 1532 2889; baseline 0.005 -16"><span class='ocrx_word' id='word_1_185' title='bbox 389 2825 537 2889; x_wconf 85' lang='lat' dir='ltr'><strong>commisit,</strong></span> <span class='ocrx_word' id='word_1_186' title='bbox 550 2826 624 2875; x_wconf 87' lang='lat' dir='ltr'><strong>serui</strong></span> <span class='ocrx_word' id='word_1_187' title='bbox 637 2827 747 2876; x_wconf 76' lang='lat' dir='ltr'><strong>uomica</strong></span> <span class='ocrx_word' id='word_1_188' title='bbox 760 2825 834 2874; x_wconf 89' lang='lat' dir='ltr'><strong>actIo</strong></span> <span class='ocrx_word' id='word_1_189' title='bbox 848 2828 891 2874; x_wconf 88' lang='lat' dir='ltr'><strong>est</strong></span> <span class='ocrx_word' id='word_1_190' title='bbox 902 2824 1011 2874; x_wconf 82' lang='lat' dir='ltr'><strong>noxalis</strong></span> <span class='ocrx_word' id='word_1_191' title='bbox 1024 2839 1076 2874; x_wconf 88' lang='lat' dir='ltr'><strong>nec</strong></span> <span class='ocrx_word' id='word_1_192' title='bbox 1090 2823 1215 2874; x_wconf 87' lang='lat' dir='ltr'><strong>dominus</strong></span> <span class='ocrx_word' id='word_1_193' title='bbox 1228 2840 1277 2876; x_wconf 91' lang='lat' dir='ltr'><strong>suo</strong></span> <span class='ocrx_word' id='word_1_194' title='bbox 1290 2827 1400 2878; x_wconf 88' lang='lat' dir='ltr'><strong>nomine</strong></span> <span class='ocrx_word' id='word_1_195' title='bbox 1413 2831 1532 2879; x_wconf 83' lang='lat' dir='ltr'><strong>tenetur.</strong></span> 
     </span>
     <span class='ocr_line' id='line_1_22' title="bbox 387 2909 1532 2975; baseline 0.005 -18"><span class='ocrx_word' id='word_1_196' title='bbox 387 2912 423 2958; x_wconf 81' lang='lat' dir='ltr'><strong>At</strong></span> <span class='ocrx_word' id='word_1_197' title='bbox 449 2910 478 2958; x_wconf 91' lang='lat' dir='ltr'><strong>in</strong></span> <span class='ocrx_word' id='word_1_198' title='bbox 504 2909 567 2975; x_wconf 85' lang='lat' dir='ltr'><strong>Iege</strong></span> <span class='ocrx_word' id='word_1_199' title='bbox 587 2909 713 2975; x_wconf 86' lang='lat' dir='ltr'><strong>Aquilia,</strong></span> <span class='ocrx_word' id='word_1_200' title='bbox 736 2909 839 2973; x_wconf 90' lang='lat' dir='ltr'><strong>inquit,</strong></span> <span class='ocrx_word' id='word_1_201' title='bbox 863 2909 989 2959; x_wconf 90' lang='lat' dir='ltr'><strong>dominus</strong></span> <span class='ocrx_word' id='word_1_202' title='bbox 1012 2923 1062 2959; x_wconf 90' lang='lat' dir='ltr'><strong>suo</strong></span> <span class='ocrx_word' id='word_1_203' title='bbox 1085 2911 1195 2960; x_wconf 90' lang='lat' dir='ltr'><strong>nomine</strong></span> <span class='ocrx_word' id='word_1_204' title='bbox 1218 2914 1341 2975; x_wconf 87' lang='lat' dir='ltr'><strong>tenetur,</strong></span> <span class='ocrx_word' id='word_1_205' title='bbox 1369 2927 1424 2962; x_wconf 93' lang='lat' dir='ltr'><strong>non</strong></span> <span class='ocrx_word' id='word_1_206' title='bbox 1449 2915 1532 2963; x_wconf 89' lang='lat' dir='ltr'><strong>serui.</strong></span> 
     </span>
     <span class='ocr_line' id='line_1_23' title="bbox 387 2993 1532 3060; baseline 0.004 -18"><span class='ocrx_word' id='word_1_207' title='bbox 387 2993 536 3059; x_wconf 84' lang='lat' dir='ltr'><strong>Vtriusque</strong></span> <span class='ocrx_word' id='word_1_208' title='bbox 555 2994 626 3060; x_wconf 83' lang='lat' dir='ltr'><strong>Iegis</strong></span> <span class='ocrx_word' id='word_1_209' title='bbox 644 2995 735 3045; x_wconf 86' lang='lat' dir='ltr'><strong>reddit</strong></span> <span class='ocrx_word' id='word_1_210' title='bbox 752 2994 902 3043; x_wconf 88' lang='lat' dir='ltr'><strong>rationem:</strong></span> <span class='ocrx_word' id='word_1_211' title='bbox 925 2993 980 3042; x_wconf 90' lang='lat' dir='ltr'><strong>XII</strong></span> <span class='ocrx_word' id='word_1_212' title='bbox 999 2993 1169 3054; x_wconf 87' lang='lat' dir='ltr'><strong>tabularum,</strong></span> <span class='ocrx_word' id='word_1_213' title='bbox 1192 2996 1269 3060; x_wconf 88' lang='lat' dir='ltr'><strong>qussi</strong></span> <span class='ocrx_word' id='word_1_214' title='bbox 1293 2997 1415 3047; x_wconf 91' lang='lat' dir='ltr'><strong>uoluerit</strong></span> <span class='ocrx_word' id='word_1_215' title='bbox 1438 3013 1532 3048; x_wconf 90' lang='lat' dir='ltr'><strong>seruos</strong></span> 
     </span>
     <span class='ocr_line' id='line_1_24' title="bbox 389 3079 1532 3146; baseline 0.003 -18"><span class='ocrx_word' id='word_1_216' title='bbox 389 3079 506 3129; x_wconf 87' lang='lat' dir='ltr'><strong>dominis</strong></span> <span class='ocrx_word' id='word_1_217' title='bbox 523 3081 553 3130; x_wconf 91' lang='lat' dir='ltr'><strong>in</strong></span> <span class='ocrx_word' id='word_1_218' title='bbox 574 3079 628 3129; x_wconf 91' lang='lat' dir='ltr'><strong>hac</strong></span> <span class='ocrx_word' id='word_1_219' title='bbox 650 3095 679 3130; x_wconf 91' lang='lat' dir='ltr'><strong>re</strong></span> <span class='ocrx_word' id='word_1_220' title='bbox 703 3094 758 3129; x_wconf 88' lang='lat' dir='ltr'><strong>non</strong></span> <span class='ocrx_word' id='word_1_221' title='bbox 780 3079 987 3144; x_wconf 78' lang='lat' dir='ltr'><strong>obtemperarc3</strong></span> <span class='ocrx_word' id='word_1_222' title='bbox 1011 3079 1155 3143; x_wconf 81' lang='lat' dir='ltr'><strong>Aquiliae,</strong></span> <span class='ocrx_word' id='word_1_223' title='bbox 1179 3081 1259 3145; x_wconf 87' lang='lat' dir='ltr'><strong>quasi</strong></span> <span class='ocrx_word' id='word_1_224' title='bbox 1278 3081 1418 3145; x_wconf 81' lang='lat' dir='ltr'><strong>ignouerit</strong></span> <span class='ocrx_word' id='word_1_225' title='bbox 1441 3099 1532 3146; x_wconf 89' lang='lat' dir='ltr'><strong>seruo,</strong></span> 
     </span>
     <span class='ocr_line' id='line_1_25' title="bbox 389 3163 1532 3232; baseline 0.003 -19"><span class='ocrx_word' id='word_1_226' title='bbox 389 3164 438 3228; x_wconf 92' lang='lat' dir='ltr'><strong>qui</strong></span> <span class='ocrx_word' id='word_1_227' title='bbox 455 3165 564 3215; x_wconf 88' lang='lat' dir='ltr'><strong>domiuo</strong></span> <span class='ocrx_word' id='word_1_228' title='bbox 583 3165 676 3230; x_wconf 77' lang='lat' dir='ltr'><strong>paruit</strong></span> <span class='ocrx_word' id='word_1_229' title='bbox 693 3165 846 3229; x_wconf 86' lang='lat' dir='ltr'><strong>periturus,</strong></span> <span class='ocrx_word' id='word_1_230' title='bbox 865 3164 890 3213; x_wconf 90' lang='lat' dir='ltr'><strong>si</strong></span> <span class='ocrx_word' id='word_1_231' title='bbox 909 3178 964 3212; x_wconf 92' lang='lat' dir='ltr'><strong>non</strong></span> <span class='ocrx_word' id='word_1_232' title='bbox 983 3163 1107 3214; x_wconf 84' lang='lat' dir='ltr'><strong>fecisset.</strong></span> <span class='ocrx_word' id='word_1_233' title='bbox 1143 3163 1197 3214; x_wconf 82' lang='lat' dir='ltr'><strong>Sed</strong></span> <span class='ocrx_word' id='word_1_234' title='bbox 1219 3165 1243 3214; x_wconf 87' lang='lat' dir='ltr'><strong>si</strong></span> <span class='ocrx_word' id='word_1_235' title='bbox 1265 3165 1378 3230; x_wconf 83' lang='lat' dir='ltr'><strong>placeat</strong></span> <span class='ocrx_word' id='word_1_236' title='bbox 1400 3167 1471 3232; x_wconf 88' lang='lat' dir='ltr'><strong>qnod</strong></span> <span class='ocrx_word' id='word_1_237' title='bbox 1488 3169 1532 3218; x_wconf 89' lang='lat' dir='ltr'><strong>Iu-</strong></span> 
     </span>
     <span class='ocr_line' id='line_1_26' title="bbox 387 3248 1533 3317; baseline 0.004 -20"><span class='ocrx_word' id='word_1_238' title='bbox 387 3248 480 3299; x_wconf 89' lang='lat' dir='ltr'><strong>lianus</strong></span> <span class='ocrx_word' id='word_1_239' title='bbox 499 3250 571 3301; x_wconf 91' lang='lat' dir='ltr'><strong>libro</strong></span> <span class='ocrx_word' id='word_1_240' title='bbox 589 3249 730 3300; x_wconf 88' lang='lat' dir='ltr'>LXXXVI</span> <span class='ocrx_word' id='word_1_241' title='bbox 750 3249 848 3300; x_wconf 90' lang='lat' dir='ltr'><strong>scribit</strong></span> <span class='ocrx_word' id='word_1_242' title='bbox 866 3248 912 3298; x_wconf 81' lang='lat' dir='ltr'><strong>‘si</strong></span> <span class='ocrx_word' id='word_1_243' title='bbox 929 3284 1066 3298; x_wconf 88' lang='grc'><strong><em>......</em></strong></span> <span class='ocrx_word' id='word_1_244' title='bbox 1074 3253 1082 3278; x_wconf 84' lang='grc'><strong><em>’</em></strong></span> <span class='ocrx_word' id='word_1_245' title='bbox 1102 3249 1186 3299; x_wconf 85' lang='lat' dir='ltr'><strong>etiam</strong></span> <span class='ocrx_word' id='word_1_246' title='bbox 1214 3249 1248 3298; x_wconf 87' lang='lat' dir='ltr'><strong>ad</strong></span> <span class='ocrx_word' id='word_1_247' title='bbox 1270 3251 1437 3314; x_wconf 86' lang='lat' dir='ltr'><strong>posteriores</strong></span> <span class='ocrx_word' id='word_1_248' title='bbox 1455 3252 1533 3317; x_wconf 84' lang='lat' dir='ltr'><strong>leges</strong></span> 
     </span>
     <span class='ocr_line' id='line_1_27' title="bbox 387 3332 1533 3400; baseline 0.004 -18"><span class='ocrx_word' id='word_1_249' title='bbox 387 3335 540 3398; x_wconf 87' lang='lat' dir='ltr'><strong>pertinere,</strong></span> <span class='ocrx_word' id='word_1_250' title='bbox 559 3336 662 3399; x_wconf 89' lang='lat' dir='ltr'><strong>poterit</strong></span> <span class='ocrx_word' id='word_1_251' title='bbox 679 3334 736 3383; x_wconf 90' lang='lat' dir='ltr'><strong>dici</strong></span> <span class='ocrx_word' id='word_1_252' title='bbox 755 3334 838 3383; x_wconf 85' lang='lat' dir='ltr'><strong>etiam</strong></span> <span class='ocrx_word' id='word_1_253' title='bbox 856 3333 932 3382; x_wconf 89' lang='lat' dir='ltr'><strong>serui</strong></span> <span class='ocrx_word' id='word_1_254' title='bbox 949 3334 1057 3383; x_wconf 91' lang='lat' dir='ltr'><strong>nomine</strong></span> <span class='ocrx_word' id='word_1_255' title='bbox 1077 3349 1138 3382; x_wconf 91' lang='lat' dir='ltr'><strong>cum</strong></span> <span class='ocrx_word' id='word_1_256' title='bbox 1157 3332 1265 3383; x_wconf 88' lang='lat' dir='ltr'><strong>domino</strong></span> <span class='ocrx_word' id='word_1_257' title='bbox 1283 3336 1331 3400; x_wconf 84' lang='lat' dir='ltr'><strong>agi</strong></span> <span class='ocrx_word' id='word_1_258' title='bbox 1342 3351 1424 3400; x_wconf 87' lang='lat' dir='ltr'><strong>posse</strong></span> <span class='ocrx_word' id='word_1_259' title='bbox 1440 3338 1533 3387; x_wconf 85' lang='lat' dir='ltr'><strong>noxali</strong></span> 
     </span>
     <span class='ocr_line' id='line_1_28' title="bbox 388 3414 1533 3484; baseline 0.006 -18"><span class='ocrx_word' id='word_1_260' title='bbox 388 3418 511 3476; x_wconf 84' lang='lat' dir='ltr'><strong>iudicio.’</strong></span> <span class='ocrx_word' id='word_1_261' title='bbox 546 3420 647 3469; x_wconf 84' lang='lat' dir='ltr'><strong>Festus</strong></span> <span class='ocrx_word' id='word_1_262' title='bbox 664 3435 692 3484; x_wconf 86' lang='lat' dir='ltr'><strong>p.</strong></span> <span class='ocrx_word' id='word_1_263' title='bbox 712 3420 761 3468; x_wconf 86' lang='grc'><strong>174</strong></span> <span class='ocrx_word' id='word_1_264' title='bbox 778 3420 815 3467; x_wconf 87' lang='grc' dir='ltr'><strong>Μ.</strong></span> <span class='ocrx_word' id='word_1_265' title='bbox 834 3414 884 3480; x_wconf 85' lang='lat' dir='ltr'><strong>(cf.</strong></span> <span class='ocrx_word' id='word_1_266' title='bbox 907 3417 1022 3483; x_wconf 88' lang='lat' dir='ltr'><strong>Paulus)</strong></span> <span class='ocrx_word' id='word_1_267' title='bbox 1048 3414 1187 3482; x_wconf 55' lang='grc' dir='ltr'><strong>ε(Νοιιὶυ,</strong></span> <span class='ocrx_word' id='word_1_268' title='bbox 1209 3419 1237 3467; x_wconf 90' lang='lat' dir='ltr'><strong>iu</strong></span> <span class='ocrx_word' id='word_1_269' title='bbox 1255 3419 1321 3484; x_wconf 89' lang='lat' dir='ltr'>XII)</span> <span class='ocrx_word' id='word_1_270' title='bbox 1344 3425 1375 3469; x_wconf 87' lang='lat' dir='ltr'><strong>ut</strong></span> <span class='ocrx_word' id='word_1_271' title='bbox 1397 3421 1454 3472; x_wconf 85' lang='lat' dir='ltr'><strong>Ser.</strong></span> <span class='ocrx_word' id='word_1_272' title='bbox 1474 3422 1533 3472; x_wconf 87' lang='lat' dir='ltr'><strong>Sul-</strong></span> 
     </span>
    </p>
   </div>
   <div class='ocr_carea' id='block_1_7' title="bbox 387 3501 1631 3568">
    <p class='ocr_par' dir='ltr' id='par_1_9' title="bbox 387 3501 1631 3568">
     <span class='ocr_line' id='line_1_29' title="bbox 387 3501 1631 3568; baseline 0.005 -16"><span class='ocrx_word' id='word_1_273' title='bbox 387 3503 477 3568; x_wconf 88' lang='lat' dir='ltr'><strong>picius</strong></span> <span class='ocrx_word' id='word_1_274' title='bbox 495 3501 596 3566; x_wconf 75' lang='lat' dir='ltr'><strong>Rullus</strong></span> <span class='ocrx_word' id='word_1_275' title='bbox 620 3504 661 3554; x_wconf 91' lang='lat' dir='ltr'><strong>ait</strong></span> <span class='ocrx_word' id='word_1_276' title='bbox 683 3504 811 3553; x_wconf 88' lang='lat' dir='ltr'><strong>damnum</strong></span> <span class='ocrx_word' id='word_1_277' title='bbox 834 3501 1002 3567; x_wconf 83' lang='lat' dir='ltr'><strong>siguificat),</strong></span> <span class='ocrx_word' id='word_1_278' title='bbox 1027 3502 1101 3568; x_wconf 89' lang='lat' dir='ltr'><strong>apud</strong></span> <span class='ocrx_word' id='word_1_279' title='bbox 1123 3506 1220 3567; x_wconf 86' lang='lat' dir='ltr'><strong>poetas</strong></span> <span class='ocrx_word' id='word_1_280' title='bbox 1243 3507 1335 3554; x_wconf 88' lang='lat' dir='ltr'><strong>autem</strong></span> <span class='ocrx_word' id='word_1_281' title='bbox 1358 3509 1387 3555; x_wconf 88' lang='lat' dir='ltr'><strong>et</strong></span> <span class='ocrx_word' id='word_1_282' title='bbox 1409 3511 1532 3558; x_wconf 88' lang='lat' dir='ltr'><strong>oratores</strong></span> <span class='ocrx_word' id='word_1_283' title='bbox 1627 3559 1631 3566; x_wconf 77' lang='grc'>,</span> 
     </span>
    </p>
   </div>
   <div class='ocr_carea' id='block_1_8' title="bbox 387 3576 1532 4419">
    <p class='ocr_par' dir='ltr' id='par_1_10' title="bbox 387 3576 1532 4419">
     <span class='ocr_line' id='line_1_30' title="bbox 388 3576 1531 3654; baseline 0.004 -18"><span class='ocrx_word' id='word_1_284' title='bbox 388 3589 500 3653; x_wconf 89' lang='lat' dir='ltr'><strong>ponitur</strong></span> <span class='ocrx_word' id='word_1_285' title='bbox 517 3604 566 3654; x_wconf 90' lang='lat' dir='ltr'><strong>pro</strong></span> <span class='ocrx_word' id='word_1_286' title='bbox 586 3589 677 3654; x_wconf 85' lang='lat' dir='ltr'><strong>culpa.</strong></span> <span class='ocrx_word' id='word_1_287' title='bbox 708 3592 738 3636; x_wconf 88' lang='lat' dir='ltr'><strong>at</strong></span> <span class='ocrx_word' id='word_1_288' title='bbox 755 3603 826 3637; x_wconf 88' lang='lat' dir='ltr'><strong>noxa</strong></span> <span class='ocrx_word' id='word_1_289' title='bbox 844 3576 989 3653; x_wconf 84' lang='lat' dir='ltr'><strong>peccatum</strong></span> <span class='ocrx_word' id='word_1_290' title='bbox 1010 3583 1057 3637; x_wconf 88' lang='lat' dir='ltr'><strong>aut</strong></span> <span class='ocrx_word' id='word_1_291' title='bbox 1078 3603 1127 3653; x_wconf 92' lang='lat' dir='ltr'><strong>pro</strong></span> <span class='ocrx_word' id='word_1_292' title='bbox 1149 3591 1265 3653; x_wconf 87' lang='lat' dir='ltr'><strong>peccato</strong></span> <span class='ocrx_word' id='word_1_293' title='bbox 1283 3603 1413 3653; x_wconf 87' lang='lat' dir='ltr'><strong>poenam,</strong></span> <span class='ocrx_word' id='word_1_294' title='bbox 1433 3595 1463 3640; x_wconf 89' lang='lat' dir='ltr'><strong>ut</strong></span> <span class='ocrx_word' id='word_1_295' title='bbox 1479 3593 1531 3641; x_wconf 81' lang='lat' dir='ltr'><strong>Ac-</strong></span> 
     </span>
     <span class='ocr_line' id='line_1_31' title="bbox 389 3671 1530 3737; baseline 0.004 -15"><span class='ocrx_word' id='word_1_296' title='bbox 389 3674 448 3722; x_wconf 89' lang='lat' dir='ltr'><strong>cius</strong></span> <span class='ocrx_word' id='word_1_297' title='bbox 462 3712 468 3724; x_wconf 92' lang='lat'><strong><em>.</em></strong></span> <span class='ocrx_word' id='word_1_298' title='bbox 484 3710 510 3724; x_wconf 93' lang='lat'><strong>..</strong></span> <span class='ocrx_word' id='word_1_299' title='bbox 546 3673 617 3723; x_wconf 87' lang='lat' dir='ltr'><strong>item</strong></span> <span class='ocrx_word' id='word_1_300' title='bbox 636 3689 695 3723; x_wconf 92' lang='lat' dir='ltr'><strong>cum</strong></span> <span class='ocrx_word' id='word_1_301' title='bbox 714 3673 758 3723; x_wconf 87' lang='lat' dir='ltr'><strong>lex</strong></span> <span class='ocrx_word' id='word_1_302' title='bbox 777 3673 854 3722; x_wconf 90' lang='lat' dir='ltr'><strong>iubet</strong></span> <span class='ocrx_word' id='word_1_303' title='bbox 871 3687 979 3721; x_wconf 84' lang='lat' dir='ltr'><strong>noxae</strong></span> <span class='ocrx_word' id='word_1_304' title='bbox 998 3671 1135 3735; x_wconf 87' lang='lat' dir='ltr'><strong>dedere,</strong></span> <span class='ocrx_word' id='word_1_305' title='bbox 1155 3687 1204 3737; x_wconf 91' lang='lat' dir='ltr'><strong>pro</strong></span> <span class='ocrx_word' id='word_1_306' title='bbox 1223 3678 1340 3737; x_wconf 87' lang='lat' dir='ltr'><strong>peccato</strong></span> <span class='ocrx_word' id='word_1_307' title='bbox 1360 3675 1423 3726; x_wconf 84' lang='lat' dir='ltr'><strong>dedi</strong></span> <span class='ocrx_word' id='word_1_308' title='bbox 1435 3675 1530 3730; x_wconf 87' lang='lat' dir='ltr'><strong>iubet.’</strong></span> 
     </span>
     <span class='ocr_line' id='line_1_32' title="bbox 390 3757 1531 3828; baseline 0.003 -20"><span class='ocrx_word' id='word_1_309' title='bbox 390 3759 477 3809; x_wconf 85' lang='lat' dir='ltr'><strong>Gaius</strong></span> <span class='ocrx_word' id='word_1_310' title='bbox 495 3757 514 3811; x_wconf 90' lang='lat' dir='ltr'><strong>l.</strong></span> <span class='ocrx_word' id='word_1_311' title='bbox 527 3759 565 3809; x_wconf 89' lang='lat' dir='ltr'>VI</span> <span class='ocrx_word' id='word_1_312' title='bbox 579 3759 614 3808; x_wconf 87' lang='lat' dir='ltr'><strong>ad</strong></span> <span class='ocrx_word' id='word_1_313' title='bbox 632 3758 723 3825; x_wconf 81' lang='lat' dir='ltr'><strong>legem</strong></span> <span class='ocrx_word' id='word_1_314' title='bbox 740 3759 794 3808; x_wconf 89' lang='lat' dir='ltr'><strong>XII</strong></span> <span class='ocrx_word' id='word_1_315' title='bbox 806 3757 972 3808; x_wconf 89' lang='lat' dir='ltr'><strong>tabularum.</strong></span> <span class='ocrx_word' id='word_1_316' title='bbox 992 3758 1024 3807; x_wconf 93' lang='lat' dir='ltr'><strong>D.</strong></span> <span class='ocrx_word' id='word_1_317' title='bbox 1038 3760 1080 3821; x_wconf 79' lang='lat'><strong>50,</strong></span> <span class='ocrx_word' id='word_1_318' title='bbox 1096 3759 1136 3820; x_wconf 86' lang='lat'><strong>16,</strong></span> <span class='ocrx_word' id='word_1_319' title='bbox 1150 3759 1200 3808; x_wconf 82' lang='lat'><strong>238</strong></span> <span class='ocrx_word' id='word_1_320' title='bbox 1212 3759 1227 3818; x_wconf 60' lang='grc' dir='ltr'>ὅ</span> <span class='ocrx_word' id='word_1_321' title='bbox 1240 3761 1255 3810; x_wconf 87' lang='grc'><strong>3</strong></span> <span class='ocrx_word' id='word_1_322' title='bbox 1275 3759 1419 3812; x_wconf 77' lang='lat' dir='ltr'><strong>‘Noniae</strong></span> <span class='ocrx_word' id='word_1_323' title='bbox 1438 3761 1531 3828; x_wconf 90' lang='lat' dir='ltr'><strong>appel-</strong></span> 
     </span>
     <span class='ocr_line' id='line_1_33' title="bbox 389 3840 1532 3912; baseline 0.003 -18"><span class='ocrx_word' id='word_1_324' title='bbox 389 3845 493 3894; x_wconf 88' lang='lat' dir='ltr'><strong>latione</strong></span> <span class='ocrx_word' id='word_1_325' title='bbox 518 3860 597 3895; x_wconf 92' lang='lat' dir='ltr'><strong>omue</strong></span> <span class='ocrx_word' id='word_1_326' title='bbox 620 3844 752 3894; x_wconf 89' lang='lat' dir='ltr'><strong>delictum</strong></span> <span class='ocrx_word' id='word_1_327' title='bbox 777 3843 959 3894; x_wconf 88' lang='lat' dir='ltr'><strong>continetur.’</strong></span> <span class='ocrx_word' id='word_1_328' title='bbox 985 3840 1088 3904; x_wconf 87' lang='lat' dir='ltr'><strong>(noxae</strong></span> <span class='ocrx_word' id='word_1_329' title='bbox 1109 3845 1172 3893; x_wconf 71' lang='lat' dir='ltr'><strong>arole</strong></span> <span class='ocrx_word' id='word_1_330' title='bbox 1195 3840 1270 3906; x_wconf 84' lang='lat' dir='ltr'><strong>edd.)</strong></span> <span class='ocrx_word' id='word_1_331' title='bbox 1311 3843 1347 3894; x_wconf 88' lang='lat' dir='ltr'><strong>cf.</strong></span> <span class='ocrx_word' id='word_1_332' title='bbox 1371 3845 1439 3897; x_wconf 90' lang='lat' dir='ltr'><strong>Iust.</strong></span> <span class='ocrx_word' id='word_1_333' title='bbox 1463 3849 1492 3912; x_wconf 82' lang='lat'><strong>4,</strong></span> <span class='ocrx_word' id='word_1_334' title='bbox 1516 3849 1532 3898; x_wconf 89' lang='lat'>8</span> 
     </span>
     <span class='ocr_line' id='line_1_34' title="bbox 388 3908 1531 3993; baseline 0.002 -15"><span class='ocrx_word' id='word_1_335' title='bbox 388 3931 404 3991; x_wconf 64' lang='grc' dir='ltr'><strong>ἕ</strong></span> <span class='ocrx_word' id='word_1_336' title='bbox 424 3933 447 3979; x_wconf 95' lang='lat' dir='ltr'><strong>l.</strong></span> <span class='ocrx_word' id='word_1_337' title='bbox 467 3930 580 3980; x_wconf 83' lang='lat' dir='ltr'><strong>Seruius</strong></span> <span class='ocrx_word' id='word_1_338' title='bbox 599 3929 636 3980; x_wconf 90' lang='lat' dir='ltr'><strong>ad</strong></span> <span class='ocrx_word' id='word_1_339' title='bbox 648 3929 717 3983; x_wconf 84' lang='lat' dir='ltr'><strong>Aen.</strong></span> <span class='ocrx_word' id='word_1_340' title='bbox 735 3908 809 3978; x_wconf 83' lang='lat'><strong>1‘41.</strong></span> <span class='ocrx_word' id='word_1_341' title='bbox 827 3928 862 3981; x_wconf 84' lang='lat' dir='ltr'><strong>D.</strong></span> <span class='ocrx_word' id='word_1_342' title='bbox 882 3930 925 3990; x_wconf 79' lang='lat'><strong>42,</strong></span> <span class='ocrx_word' id='word_1_343' title='bbox 945 3931 968 3990; x_wconf 88' lang='lat'><strong>1,</strong></span> <span class='ocrx_word' id='word_1_344' title='bbox 988 3929 1003 3976; x_wconf 90' lang='grc'><strong>6</strong></span> <span class='ocrx_word' id='word_1_345' title='bbox 1021 3928 1036 3988; x_wconf 67' lang='grc' dir='ltr'><strong>ἕ</strong></span> <span class='ocrx_word' id='word_1_346' title='bbox 1051 3929 1073 3980; x_wconf 92' lang='grc'><strong>1.</strong></span> <span class='ocrx_word' id='word_1_347' title='bbox 1092 3928 1258 3993; x_wconf 88' lang='lat' dir='ltr'><strong>Pomponius</strong></span> <span class='ocrx_word' id='word_1_348' title='bbox 1277 3927 1295 3978; x_wconf 89' lang='lat' dir='ltr'><strong>l.</strong></span> <span class='ocrx_word' id='word_1_349' title='bbox 1309 3927 1360 3978; x_wconf 89' lang='lat' dir='ltr'><strong>XX</strong></span> <span class='ocrx_word' id='word_1_350' title='bbox 1378 3929 1413 3980; x_wconf 91' lang='lat' dir='ltr'><strong>ad</strong></span> <span class='ocrx_word' id='word_1_351' title='bbox 1426 3930 1531 3992; x_wconf 81' lang='lat' dir='ltr'><strong>Q.Mu-</strong></span> 
     </span>
     <span class='ocr_line' id='line_1_35' title="bbox 389 4013 1531 4080; baseline -0.003 -11"><span class='ocrx_word' id='word_1_352' title='bbox 389 4015 471 4069; x_wconf 73' lang='lat' dir='ltr'><strong>oium.</strong></span> <span class='ocrx_word' id='word_1_353' title='bbox 489 4015 523 4065; x_wconf 91' lang='lat' dir='ltr'><strong>D.</strong></span> <span class='ocrx_word' id='word_1_354' title='bbox 542 4017 590 4080; x_wconf 74' lang='lat'><strong>44,</strong></span> <span class='ocrx_word' id='word_1_355' title='bbox 609 4018 637 4076; x_wconf 80' lang='lat'><strong>7,</strong></span> <span class='ocrx_word' id='word_1_356' title='bbox 657 4016 690 4065; x_wconf 89' lang='grc'><strong>66</strong></span> <span class='ocrx_word' id='word_1_357' title='bbox 708 4015 912 4077; x_wconf 76' lang='lat' dir='ltr'><strong>‘Quaecunque</strong></span> <span class='ocrx_word' id='word_1_358' title='bbox 937 4013 1061 4062; x_wconf 85' lang='lat' dir='ltr'><strong>actiones</strong></span> <span class='ocrx_word' id='word_1_359' title='bbox 1079 4013 1154 4063; x_wconf 88' lang='lat' dir='ltr'><strong>serui</strong></span> <span class='ocrx_word' id='word_1_360' title='bbox 1177 4013 1231 4063; x_wconf 91' lang='lat' dir='ltr'><strong>mei</strong></span> <span class='ocrx_word' id='word_1_361' title='bbox 1249 4013 1358 4078; x_wconf 79' lang='lat' dir='ltr'><strong>nomine</strong></span> <span class='ocrx_word' id='word_1_362' title='bbox 1380 4015 1448 4064; x_wconf 91' lang='lat' dir='ltr'><strong>mihi</strong></span> <span class='ocrx_word' id='word_1_363' title='bbox 1471 4031 1531 4066; x_wconf 90' lang='lat' dir='ltr'><strong>coe-</strong></span> 
     </span>
     <span class='ocr_line' id='line_1_36' title="bbox 387 4090 1531 4165; baseline 0.003 -17"><span class='ocrx_word' id='word_1_364' title='bbox 387 4103 489 4164; x_wconf 88' lang='lat' dir='ltr'><strong>perunt</strong></span> <span class='ocrx_word' id='word_1_365' title='bbox 505 4090 664 4165; x_wconf 58' lang='lat' dir='ltr'><strong>compessere</strong></span> <span class='ocrx_word' id='word_1_366' title='bbox 682 4099 728 4150; x_wconf 91' lang='lat' dir='ltr'><strong>uel</strong></span> <span class='ocrx_word' id='word_1_367' title='bbox 746 4114 780 4148; x_wconf 87' lang='lat' dir='ltr'><strong>ex</strong></span> <span class='ocrx_word' id='word_1_368' title='bbox 798 4097 852 4148; x_wconf 93' lang='lat' dir='ltr'><strong>XII</strong></span> <span class='ocrx_word' id='word_1_369' title='bbox 864 4097 968 4148; x_wconf 89' lang='lat' dir='ltr'><strong>tabulis</strong></span> <span class='ocrx_word' id='word_1_370' title='bbox 988 4097 1033 4147; x_wconf 87' lang='lat' dir='ltr'><strong>uel</strong></span> <span class='ocrx_word' id='word_1_371' title='bbox 1052 4113 1085 4146; x_wconf 87' lang='lat' dir='ltr'><strong>ex</strong></span> <span class='ocrx_word' id='word_1_372' title='bbox 1103 4097 1165 4163; x_wconf 84' lang='lat' dir='ltr'><strong>lege</strong></span> <span class='ocrx_word' id='word_1_373' title='bbox 1178 4097 1292 4162; x_wconf 87' lang='lat' dir='ltr'><strong>Aquilia</strong></span> <span class='ocrx_word' id='word_1_374' title='bbox 1310 4097 1355 4148; x_wconf 90' lang='lat' dir='ltr'><strong>uel</strong></span> <span class='ocrx_word' id='word_1_375' title='bbox 1369 4098 1531 4150; x_wconf 87' lang='lat' dir='ltr'><strong>iniuriarum</strong></span> 
     </span>
     <span class='ocr_line' id='line_1_37' title="bbox 388 4181 1530 4250; baseline 0.002 -17"><span class='ocrx_word' id='word_1_376' title='bbox 388 4183 434 4234; x_wconf 88' lang='lat' dir='ltr'><strong>uel</strong></span> <span class='ocrx_word' id='word_1_377' title='bbox 461 4185 542 4250; x_wconf 82' lang='lat' dir='ltr'><strong>furti,</strong></span> <span class='ocrx_word' id='word_1_378' title='bbox 571 4184 684 4236; x_wconf 87' lang='lat' dir='ltr'><strong>eaedem</strong></span> <span class='ocrx_word' id='word_1_379' title='bbox 708 4184 809 4233; x_wconf 87' lang='lat' dir='ltr'><strong>durant</strong></span> <span class='ocrx_word' id='word_1_380' title='bbox 831 4183 944 4233; x_wconf 87' lang='lat' dir='ltr'><strong>etiamsi</strong></span> <span class='ocrx_word' id='word_1_381' title='bbox 966 4198 1061 4232; x_wconf 88' lang='lat' dir='ltr'><strong>seruus</strong></span> <span class='ocrx_word' id='word_1_382' title='bbox 1084 4186 1183 4248; x_wconf 88' lang='lat' dir='ltr'><strong>postea</strong></span> <span class='ocrx_word' id='word_1_383' title='bbox 1206 4181 1252 4232; x_wconf 90' lang='lat' dir='ltr'><strong>uel</strong></span> <span class='ocrx_word' id='word_1_384' title='bbox 1275 4185 1458 4234; x_wconf 79' lang='lat' dir='ltr'><strong>manumIssus</strong></span> <span class='ocrx_word' id='word_1_385' title='bbox 1484 4185 1530 4235; x_wconf 88' lang='lat' dir='ltr'><strong>uel</strong></span> 
     </span>
     <span class='ocr_line' id='line_1_38' title="bbox 390 4253 1532 4333; baseline 0.003 -16"><span class='ocrx_word' id='word_1_386' title='bbox 390 4267 528 4319; x_wconf 88' lang='lat' dir='ltr'><strong>alienatus</strong></span> <span class='ocrx_word' id='word_1_387' title='bbox 545 4269 591 4318; x_wconf 92' lang='lat' dir='ltr'><strong>uel</strong></span> <span class='ocrx_word' id='word_1_388' title='bbox 610 4273 732 4319; x_wconf 85' lang='lat' dir='ltr'><strong>mortuus</strong></span> <span class='ocrx_word' id='word_1_389' title='bbox 750 4268 856 4320; x_wconf 62' lang='lat' dir='ltr'><strong>fuerit)</strong></span> <span class='ocrx_word' id='word_1_390' title='bbox 891 4253 1042 4316; x_wconf 76' lang='lat' dir='ltr'><strong>Marcellus</strong></span> <span class='ocrx_word' id='word_1_391' title='bbox 1060 4266 1079 4320; x_wconf 90' lang='lat' dir='ltr'><strong>l.</strong></span> <span class='ocrx_word' id='word_1_392' title='bbox 1099 4267 1167 4317; x_wconf 90' lang='lat' dir='ltr'>VIII</span> <span class='ocrx_word' id='word_1_393' title='bbox 1184 4267 1250 4333; x_wconf 85' lang='lat' dir='ltr'><strong>Dig.</strong></span> <span class='ocrx_word' id='word_1_394' title='bbox 1269 4268 1303 4317; x_wconf 90' lang='lat' dir='ltr'><strong>D.</strong></span> <span class='ocrx_word' id='word_1_395' title='bbox 1322 4269 1369 4328; x_wconf 78' lang='lat'><strong>47,</strong></span> <span class='ocrx_word' id='word_1_396' title='bbox 1389 4271 1419 4330; x_wconf 90' lang='grc'><strong>6,</strong></span> <span class='ocrx_word' id='word_1_397' title='bbox 1440 4272 1456 4320; x_wconf 85' lang='grc'>5</span> <span class='ocrx_word' id='word_1_398' title='bbox 1478 4271 1532 4319; x_wconf 82' lang='lat' dir='ltr'><strong>‘Et</strong></span> 
     </span>
     <span class='ocr_line' id='line_1_39' title="bbox 389 4350 1531 4419; baseline 0.001 -15"><span class='ocrx_word' id='word_1_399' title='bbox 389 4355 413 4404; x_wconf 89' lang='lat' dir='ltr'><strong>si</strong></span> <span class='ocrx_word' id='word_1_400' title='bbox 432 4369 529 4403; x_wconf 89' lang='lat' dir='ltr'><strong>seruus</strong></span> <span class='ocrx_word' id='word_1_401' title='bbox 548 4354 699 4404; x_wconf 90' lang='lat' dir='ltr'><strong>communis</strong></span> <span class='ocrx_word' id='word_1_402' title='bbox 719 4352 834 4403; x_wconf 88' lang='lat' dir='ltr'><strong>alterius</strong></span> <span class='ocrx_word' id='word_1_403' title='bbox 853 4353 929 4401; x_wconf 92' lang='lat' dir='ltr'><strong>iussu</strong></span> <span class='ocrx_word' id='word_1_404' title='bbox 953 4350 1081 4401; x_wconf 90' lang='lat' dir='ltr'><strong>damnum</strong></span> <span class='ocrx_word' id='word_1_405' title='bbox 1104 4351 1224 4414; x_wconf 88' lang='lat' dir='ltr'><strong>dederit,</strong></span> <span class='ocrx_word' id='word_1_406' title='bbox 1250 4354 1333 4402; x_wconf 88' lang='lat' dir='ltr'><strong>ctiam</strong></span> <span class='ocrx_word' id='word_1_407' title='bbox 1358 4352 1428 4417; x_wconf 85' lang='lat' dir='ltr'><strong>quod</strong></span> <span class='ocrx_word' id='word_1_408' title='bbox 1451 4371 1531 4419; x_wconf 87' lang='lat' dir='ltr'><strong>prae·</strong></span> 
     </span>
    </p>
   </div>
   <div class='ocr_carea' id='block_1_9' title="bbox 386 4471 592 4481">
    <p class='ocr_par' dir='ltr' id='par_1_11' title="bbox 386 4471 592 4481">
     <span class='ocr_line' id='line_1_40' title="bbox 386 4471 592 4481; baseline 0.005 -2"><span class='ocrx_word' id='word_1_409' title='bbox 386 4471 592 4481; x_wconf 65' lang='grc'><strong>--..-...,..</strong></span> 
     </span>
    </p>
   </div>
   <div class='ocr_carea' id='block_1_10' title="bbox 389 4555 1532 4720">
    <p class='ocr_par' dir='ltr' id='par_1_12' title="bbox 389 4555 1532 4720">
     <span class='ocr_line' id='line_1_41' title="bbox 474 4555 1532 4640; baseline 0.004 -22"><span class='ocrx_word' id='word_1_410' title='bbox 474 4562 503 4619; x_wconf 86' lang='grc'><strong>3.</strong></span> <span class='ocrx_word' id='word_1_411' title='bbox 520 4555 675 4640; x_wconf 83' lang='lat' dir='ltr'><strong>noxiamne]</strong></span> <span class='ocrx_word' id='word_1_412' title='bbox 691 4580 823 4618; x_wconf 84' lang='lat' dir='ltr'><strong>noxamue</strong></span> <span class='ocrx_word' id='word_1_413' title='bbox 840 4559 1137 4620; x_wconf 64' lang='lat' dir='ltr'><strong>colossaeum</strong></span> <span class='ocrx_word' id='word_1_414' title='bbox 1150 4566 1195 4628; x_wconf 80' lang='grc'><strong>14,</strong></span> <span class='ocrx_word' id='word_1_415' title='bbox 1215 4564 1232 4618; x_wconf 82' lang='grc'>6</span> <span class='ocrx_word' id='word_1_416' title='bbox 1248 4561 1365 4621; x_wconf 81' lang='lat' dir='ltr'><strong>Fabrot.</strong></span> <span class='ocrx_word' id='word_1_417' title='bbox 1380 4563 1418 4622; x_wconf 84' lang='lat' dir='ltr'><strong>al.</strong></span> <span class='ocrx_word' id='word_1_418' title='bbox 1481 4583 1532 4622; x_wconf 87' lang='lat' dir='ltr'><strong>no-</strong></span> 
     </span>
     <span class='ocr_line' id='line_1_42' title="bbox 389 4647 873 4720; baseline -0.002 -15"><span class='ocrx_word' id='word_1_419' title='bbox 389 4647 428 4705; x_wconf 83' lang='lat' dir='ltr'><strong>xit</strong></span> <span class='ocrx_word' id='word_1_420' title='bbox 442 4647 597 4704; x_wconf 72' lang='lat' dir='ltr'><strong>Pithoeus.-</strong></span> <span class='ocrx_word' id='word_1_421' title='bbox 612 4647 707 4704; x_wconf 86' lang='lat' dir='ltr'><strong>nocuit</strong></span> <span class='ocrx_word' id='word_1_422' title='bbox 726 4648 873 4720; x_wconf 70' lang='lat' dir='ltr'><strong>Ulpianus</strong></span> 
     </span>
    </p>
   </div>
   <div class='ocr_carea' id='block_1_11' title="bbox 0 0 1862 5634">
    <p class='ocr_par' dir='ltr' id='par_1_13' title="bbox 0 0 1862 5634">
     <span class='ocr_line' id='line_1_43' title="bbox 0 0 1862 5634; baseline 0 0"><span class='ocrx_word' id='word_1_423' title='bbox 0 0 1862 5634; x_wconf 95' lang='lat' dir='ltr'><strong> </strong></span> 
     </span>
    </p>
   </div>
  </div>
 </body>
</html>
