3709 5634
445 636 492 684 nn
515 638 566 684 xn
590 636 802 685 rnavnsnvn
824 638 1001 697 nsnrqvns
1023 637 1312 700 cousrrrvunnrs.
1410 622 1451 687 93

305 814 377 857 rum
391 792 509 858 libido:
533 814 604 857 cum
621 796 775 869 ‘fertatur’
792 792 953 857 Rivallius
962 840 972 875 ,
988 792 1142 857 Ouiacius
1159 790 1216 875 al,
1239 795 1383 868 ‘sermm'
1401 793 1450 858 Si·

304 894 434 979 gonius,
451 897 556 971 ‘ferat'
572 896 705 983 quidam
721 894 810 983 apud
822 896 1011 961 Turnebum
1020 896 1107 961 Adv.
1120 895 1210 959 XIII
1220 895 1274 978 26,
1291 900 1451 973 ‘fateatur’

306 998 481 1064 Turnebus
496 998 542 1064 ib.
558 1008 591 1063 et
606 998 729 1063 XXIX
746 999 786 1063 14
800 1037 842 1046 -
857 1002 943 1075 ‘fure'
960 1003 1059 1062 tatur'
1080 998 1163 1062 adeo
1186 996 1363 1063 Salmasius
1385 998 1451 1064 Ob‘-

306 1122 391 1165 serv.
414 1098 529 1164 adius
551 1101 621 1167 Att.
643 1123 669 1165 c.
687 1102 729 1166 30
749 1108 982 1187 proponerent:
1010 1100 1066 1185 qui
1087 1098 1260 1165 cumulatis
1286 1100 1451 1165 erroribus

306 1202 421 1267 turbas
447 1211 611 1266 auxerunt
636 1202 745 1289 potius
774 1224 872 1289 quam
902 1211 1166 1288 composuerunt.
1206 1201 1276 1265 Nec
1304 1202 1452 1288 profecto

307 1304 491 1391 composuit
505 1304 670 1389 Bergkius
679 1355 687 1387 ,
704 1306 761 1392 qui
775 1326 879 1391 nuper
893 1304 927 1368 in
942 1302 1060 1368 Philol.
1076 1302 1165 1368 XXI
1179 1326 1211 1390 p.
1226 1303 1288 1368 591
1309 1303 1381 1368 luxi
1402 1326 1452 1367 sa·
1480 1382 1489 1391 ‚

306 1407 409 1471 nandi
430 1407 613 1472 cantionem
635 1406 723 1493 apud
745 1406 904 1472 Catonem
918 1429 945 1469 r.
960 1428 987 1470 r.
1006 1405 1067 1469 160
1081 1405 1315 1492 interpretatus
1330 1406 1366 1469 in
1386 1405 1451 1471 for-

306 1530 435 1573 marum
464 1512 577 1573 ‘durtes
602 1513 764 1573 dardartes
788 1512 957 1572 ustotortes'
988 1508 1264 1593 comparationem
1291 1511 1451 1583 ‘fertatur'

307 1632 438 1698 quoque
453 1612 588 1677 vocavit
602 1620 639 1675 ut
655 1610 840 1696 optativum
859 1610 971 1695 nescio
992 1631 1090 1695 quem
1109 1610 1278 1695 praeteriti
1297 1608 1451 1681 liberiore

305 1734 369 1776 usu
384 1712 539 1798 positum,
555 1734 651 1799 quem
665 1734 759 1776 usum
775 1712 810 1775 in
825 1710 1106 1777 condicionalibus
1121 1711 1263 1775 maxime
1280 1712 1451 1777 sententiis

307 1814 430 1879 diutius
447 1836 545 1901 quam
560 1814 659 1900 vulgo
675 1823 839 1880 statuatur
860 1814 1021 1878 mansisse
1036 1814 1211 1879 adseverat
1224 1837 1282 1878 —:
1305 1836 1388 1899 quae
1410 1814 1451 1878 de

306 1916 437 2001 tripode
453 1916 542 1981 edita
557 1917 714 1984 confiteor
729 1938 803 1981 mea
818 1916 888 1980 acie
904 1938 976 1981 esse
990 1915 1207 2002 impeditiora.
1235 1915 1349 2001 Neque
1365 1918 1451 1980 enim

306 2022 462 2095 ‘ferietur’
472 2020 525 2084 cui
537 2018 734 2106 respondeat
749 2024 876 2083 ‘cartes'
888 2028 921 2083 et
937 2020 1023 2105 quod
1033 2028 1202 2105 praeterea
1214 2017 1309 2082 affert
1320 2026 1450 2081 ‘essem'

307 2142 350 2184 ex
366 2121 490 2185 ‘esiem'
508 2122 623 2202 ‘scinu'
639 2122 661 2186 i.
679 2144 707 2187 e.
728 2120 821 2201 ‘elno’
838 2129 951 2185 natum
965 2120 1023 2204 (7),
1040 2119 1182 2184 in'Gellii
1196 2119 1290 2185 libris
1306 2128 1399 2184 extat
1409 2158 1452 2170 -

306 2222 430 2289 inferre
450 2223 582 2310 quidem
602 2222 753 2289 voluerat
773 2221 1069 2309 Bynkershoekius
1088 2213 1383 2287 obss.V1125—
1396 2244 1450 2287 ne-

306 2347 369 2411 que
385 2315 547 2391 eiusmodi
562 2325 703 2413 optativi
713 2324 781 2390 ulla
795 2324 830 2387 in
848 2324 921 2409 lege
937 2323 1080 2408 vestigia
1094 2333 1265 2409 apparent.
1301 2323 1378 2389 Alia
1391 2323 1452 2408 igi-

306 2437 361 2491 tur
376 2426 551 2514 explicatio
567 2426 861 2513 circumspicienda
876 2427 953 2490 erit:
973 2436 1070 2512 atque
1086 2448 1159 2490 cum
1173 2426 1390 2493 indicativum
1404 2427 1452 2489 in·

306 2528 419 2614 tellegi
433 2552 567 2595 necesse
583 2530 637 2612 sit,
654 2530 698 2593 ad
712 2528 891 2593 feriandi
907 2527 1044 2593 verbum
1059 2528 1148 2614 quod
1163 2551 1205 2592 ex
1220 2528 1335 2593 fandi
1350 2528 1452 2614 stirpe

307 2632 476 2697 derivetur
491 2630 692 2697 devehimur.
731 2630 793 2696 Oui
814 2630 916 2696 verbo
937 2628 1071 2693 aliunde
1091 2652 1157 2695 non
1177 2632 1308 2715 cognito
1330 2630 1453 2695 dixerit
1577 2718 1579 2722 .

306 2732 472 2819 quispiam
486 2734 574 2798 haud
588 2733 695 2799 levem
710 2733 939 2798 auctoritatem
953 2753 1139 2797 accrescere
1151 2754 1193 2797 ex
1203 2732 1329 2797 Donati
1339 2732 1450 2798 verbis

307 2834 350 2898 ad
365 2835 513 2905 Terentii
528 2834 758 2901 Phormionem
774 2834 823 2899 IV
837 2835 876 2917 4,
892 2834 934 2898 28
959 2840 1105 2899 ‘hariolus
1118 2841 1229 2912 estqui
1241 2840 1343 2898 divina
1356 2849 1452 2897 mente

306 2943 505 3003 vaticinator:
531 2943 782 3003 disturbarentur
805 2944 891 3017 quast
912 2941 1083 3013 feriolus
1107 2940 1224 3013 osatts
1242 2948 1272 3000 et
1296 2958 1316 2999 o
1338 2941 1448 3013 secedo,

306 3061 372 3103 cum
388 3045 418 3102 F
424 3060 485 3119 pro
499 3045 533 3103 H
543 3051 573 3105 et
586 3048 653 3105 item
668 3046 702 3104 H
709 3060 768 3121 pro
783 3046 811 3103 F
828 3048 859 3103 tu
880 3046 980 3103 multis
999 3043 1192 3103 tonsionibus
1208 3046 1362 3117 ponatur?
1399 3040 1450 3103 Ac

306 3163 422 3229 reapse
447 3143 598 3228 extitisse
617 3144 758 3209 formam
774 3147 934 3220 ‘furiatus'
951 3142 1126 3207 Terentius
1149 3142 1291 3206 Scaurus
1312 3149 1452 3205 testatur

307 3267 339 3331 p.
351 3233 450 3309 2250.
464 3244 549 3309 2252
564 3244 601 3309 Ρ.
625 3255 658 3310 et
679 3244 787 3313 Gloss.
809 3244 887 3310 Vat.
909 3244 958 3309 VI
978 3266 1011 3330 p.
1029 3243 1093 3308 524
1111 3243 1158 3309 Μ.
1182 3247 1450 3320 *711071111εή11ήο-

306 3354 381 3409 lus':
407 3346 494 3411 unde
517 3348 751 3413 Schwenckius
773 3370 901 3435 quoque
922 3346 1003 3411 Lex.
1025 3344 1159 3432 etymol.
1181 3369 1213 3433 p.
1234 3348 1314 3431 311,
1334 3348 1398 3412 260
1418 3357 1451 3413 et

308 3448 471 3514 Christius
487 3448 605 3515 Philol.
617 3449 740 3516 XVIII
754 3450 814 3515 174
829 3449 967 3514 eandem
981 3448 1078 3514 huius
1093 3450 1185 3515 vocis
1200 3450 1450 3535 originationem

307 3573 505 3638 quamquam
520 3552 799 3637 neglectoDonati
814 3552 885 3618 loco
900 3575 1013 3618 rursus
1028 3541 1245 3638 protulerunt.
1270 3554 1375 3640 Atqui
1389 3552 1450 3617 hoc

307 3662 340 3717 et
354 3654 452 3717 nimis
467 3654 627 3719 incertum
643 3665 693 3721 est
708 3664 741 3720 et
755 3654 856 3720 habet
870 3676 934 3740 quo
950 3654 1138 3741 displiceat:
1161 3678 1235 3719 cum
1254 3655 1449 3720 vocabulum

307 3754 488 3838 ‘hariolus’‚
504 3758 539 3819 in
554 3778 617 3843 quo
634 3780 725 3821 suam
741 3760 808 3823 vim
823 3757 981 3844 aspiratio
996 3757 1124 3837 retinet,
1140 3756 1229 3821 nullo
1241 3756 1337 3821 modo
1352 3758 1451 3821 liceat

307 3866 460 3943 separare
476 3858 518 3923 ab
534 3858 721 3945 ‘haruspex'
743 3861 812 3926 sive
829 3859 1008 3946 ‘harispex'
1032 3857 1089 3943 (cf.
1107 3858 1222 3923 Orellii
1236 3860 1338 3925 Inscr.
1354 3859 1449 3922 2294.

305 3960 439 4046 22989)
453 3982 536 4047 quae
552 3962 595 4028 ad
611 3963 745 4049 stirpem
760 3963 876 4045 ε1111110,
894 3962 1002 4043 ‘hira'‚
1017 3960 1191 4045 (=xol‹ic‚
1207 3961 1309 4045 χόλιξ)
1322 3961 1381 4025 ie.
1391 3961 1449 4023 ‘in-

306 4062 438 4127 testina’
456 4062 656 4146 (Macrobius
671 4086 786 4135 comm.
808 4067 843 4129 in
858 4087 963 4130 somn.
979 4063 1031 4129 Sc.
1050 4066 1083 4146 1,
1100 4066 1136 4146 0,
1153 4066 1204 4128 77.
1226 4062 1350 4128 Paulus
1366 4062 1449 4127 Exc.

307 4186 349 4228 ex
363 4164 400 4227 F.
422 4178 454 4250 p.
474 4166 543 4229 101.
568 4166 677 4232 Gloss.
699 4167 803 4233 Labb.
821 4166 937 4252 Plau),
959 4167 1029 4230 iure
1051 4166 1221 4232 revocavit
1236 4167 1448 4231 Aufrechtius
1550 4184 1555 4188 ’

306 4266 341 4328 in
366 4266 491 4331 Kulmii
519 4268 639 4333 Annal.
662 4270 740 4355 ling.
764 4291 868 4357 comp.
889 4272 944 4335 III
966 4294 999 4357 p.
1023 4270 1083 4334 198
1105 4292 1153 4355 sq.
1187 4269 1229 4334 cf.
1253 4271 1296 4333 01.
1318 4269 1449 4334 Curtius

307 4367 418 4452 Etym.
436 4391 484 4454 gr.
502 4369 594 4436 elem.
611 4373 627 4435 I
645 4372 715 4436 170.
739 4372 917 4439 Gorssenus
934 4372 1047 4459 Symb.
1063 4372 1135 4437 crit.
1152 4395 1183 4458 p.
1198 4371 1270 4435 213.
1294 4371 1368 4436 Non
1382 4391 1450 4435 ma-

376 4609 399 4677 ¹)
418 4612 516 4663 ‘Arioli
535 4617 563 4665 et
581 4614 734 4680 aruspices’
753 4616 903 4681 iunguntur
920 4614 1011 4667 Plaut.
1030 4614 1127 4679 Amph.
1145 4614 1170 4665 V
1187 4617 1211 4672 2,
1230 4617 1255 4664 2.
1274 4614 1332 4664 Mil.
1352 4613 1387 4679 gl.
1407 4612 1448 4663 111

310 4694 334 4759 1,
353 4698 395 4749 99.
414 4699 524 4749 Terent.
544 4699 651 4750 Phorm.
671 4701 710 4751 IV
728 4703 752 4760 4,
770 4703 811 4750 27.
832 4700 928 4751 Cicero
948 4701 980 4750 de
998 4704 1057 4750 nat.
1075 4700 1111 4749 D.
1128 4701 1142 4749 I
1160 4702 1201 4764 20,
1221 4702 1262 4751 55.
