3709 5634
373 697 379 706 Ι
428 624 492 671 VIII
719 695 723 707 .
899 625 1098 674 PRAEFATIO

428 782 584 859 denegare
608 792 661 841 aut
682 783 753 843 volo
776 792 828 842 aut
843 785 869 842 si
885 785 979 843 velim
994 785 1125 862 possim:
1149 805 1257 844 verum
1279 785 1337 843 hoc
1352 784 1450 843 solum
1473 804 1573 844 meum

356 946 358 950 ,
428 893 495 943 erat
516 904 623 962 agere,
654 893 689 944 ut
715 886 784 963 ipsa
810 886 888 964 legis
912 895 1146 964 praeceptorum
1167 887 1301 964 vestigia
1327 887 1408 966 apud
1432 895 1573 946 auctores

427 994 549 1045 veteres
571 987 680 1066 relicta
702 988 923 1066 conquirerem.
964 987 1068 1068 Atque
1091 989 1182 1047 buius
1204 983 1354 1048 festorum
1376 990 1574 1048 correctionis

427 1097 551 1166 praetor
574 1088 762 1149 Ouidianum
790 1091 1000 1150 testimonium
1028 1111 1066 1149 ex
1089 1092 1228 1151 Varrone
1250 1090 1405 1164 haustum,
1441 1090 1480 1150 de
1510 1111 1573 1170 quo

426 1211 501 1251 vere
523 1190 641 1250 iudicat
656 1193 863 1254 Mommsenus
885 1214 916 1271 p.
934 1195 983 1265 32,
1008 1192 1090 1260 idern
1113 1203 1218 1251 mouet
1240 1193 1572 1271 significationemetsi

427 1291 632 1353 obscuriorem
655 1315 713 1354 nec
726 1295 786 1354 fide
811 1295 983 1373 digniorem
1000 1293 1192 1374 deprehendi
1214 1295 1246 1354 in
1263 1294 1396 1374 Dionysi
1413 1294 1571 1353 Halicarn.

428 1395 467 1455 de
491 1397 672 1456 decemviris
695 1396 822 1456 alterius
846 1400 921 1456 anni
944 1397 1122 1456 narratione
1142 1399 1174 1456 X
1191 1398 1229 1455 59
1253 1393 1288 1457 ἐν
1311 1393 1347 1455 δὲ
1367 1399 1414 1478 τῷ
1437 1392 1572 1456 κατόπιν

427 1495 489 1562 ἔτει
504 1494 745 1574 παραλαβόντες
760 1497 817 1574 τὴν
834 1495 988 1574 ὑπατικὴν
1005 1495 1148 1561 erocum
1166 1495 1195 1558 οἱ
1214 1496 1270 1558 cdv
1285 1493 1408 1579 Ἀππίῳ
1426 1493 1571 1578 Κλαυδίῳ

372 1659 375 1665 ,
426 1596 503 1660 δέκα
518 1595 632 1677 ἄνδρε(
651 1597 748 1662 εἰδοῖς
763 1599 880 1676 puicu·
903 1597 1000 1674 ἦγον
1022 1599 1062 1660 δὲ
1085 1598 1176 1660 τοὺς
1199 1601 1321 1675 μῆνα(
1336 1597 1438 1666 κατὰ
1461 1597 1571 1674 (ελή-

426 1721 498 1777 νην
521 1701 583 1763 καὶ
606 1701 841 1782 (υαέπιπτεν
865 1700 920 1763 sic
947 1700 1014 1763 τὰ(
1037 1697 1166 1762 εἰδοὺς
1189 1699 1208 1776 ἡ
1234 1698 1482 1776 πανεέληνο(
1504 1701 1571 1761 κτλ.

403 1807 492 1878 μΝαα
522 1805 561 1876 de
589 1804 801 1866 intercalando
826 1807 900 1884 quin
924 1804 1038 1864 diserte
1063 1805 1285 1884 praescriptum
1314 1804 1408 1863 luerit
1435 1805 1468 1863 in
1491 1804 1569 1882 lege,

426 1907 588 1967 dubitandi
604 1928 710 1966 ansam
724 1908 821 1966 fuisse
843 1908 903 1965 inm
921 1906 1062 1966 intellexi
1080 1907 1169 1986 eique
1191 1915 1357 1985 praecepto
1381 1925 1468 1964 suurn
1491 1903 1571 1964 inter

426 2010 598 2087 fragmenta
625 2010 726 2068 locum
753 2009 856 2068 tribui.
904 2009 1055 2068 Nimirum
1087 2029 1154 2067 cunr
1187 2010 1219 2067 in
1253 2027 1335 2066 nova
1367 2007 1571 2067 intercalandi

426 2111 548 2188 regula,
579 2131 640 2190 qua
666 2112 749 2170 intra
778 2119 943 2190 quaternos
972 2131 1071 2170 annos
1101 2111 1162 2170 duo
1190 2129 1327 2182 meuses,
1360 2110 1438 2168 alter
1459 2109 1571 2188 viginti

425 2215 518 2272 trium
536 2213 661 2286 dierum,
684 2215 796 2290 viginti
819 2213 946 2271 duorum
969 2214 1046 2272 alter
1069 2212 1337 2290 interpolarentur,
1361 2210 1453 2270 cerdo
1477 2212 1570 2270 totius

427 2315 601 2373 novationis
617 2315 830 2374 decemviralis
841 2324 1026 2387 versaretur,
1043 2324 1107 2374 tum
1123 2313 1282 2392 probabile
1299 2321 1346 2372 est
1357 2313 1570 2392 Sempronium

340 2415 342 2418 ⁴
417 2417 616 2491 ¹Tuditanum
644 2425 675 2476 et
705 2402 843 2476 Cassium
871 2419 1037 2477 Heminam
1065 2417 1235 2476 annalistas
1264 2437 1328 2474 non
1356 2415 1481 2474 aliunde
1509 2417 1569 2473 nisi

334 2532 337 2536 ’
427 2540 466 2577 ex
487 2521 556 2599 ipsa
576 2519 647 2596 lege
670 2520 737 2578 XII
758 2519 929 2579 tabularum
954 2539 1041 2579 suam
1063 2520 1102 2578 dc
1124 2519 1177 2578 illa
1200 2518 1361 2596 rogatione
1384 2519 1570 2577 mentionem

427 2622 566 2699 petiisse.
709 2614 711 2617 ’
1288 2690 1289 2693 ¹

511 2724 659 2803 Denique
674 2725 856 2804 postliminii
872 2727 938 2784 iure
952 2726 1025 2785 huic
1043 2725 1110 2784 loco
1127 2723 1352 2784 restituendum
1369 2732 1415 2784 est
1429 2753 1470 2764 -
1487 2723 1570 2802 quod

427 2825 540 2885 nollem
563 2823 676 2885 facturis
699 2835 732 2886 ut
755 2828 832 2906 eripi
854 2827 928 2886 mihi
951 2836 1073 2906 paterer
1089 2860 1129 2868 -
1152 2829 1276 2886 tertium
1300 2847 1359 2906 quo
1383 2825 1572 2906 compleatur

427 2949 571 2987 numerus
607 2928 842 3006 splendidorum
868 2930 1051 2989 Mommseni
1081 2929 1119 2988 de
1141 2930 1205 2988 XII
1235 2927 1347 2990 tabulis
1384 2929 1570 2986 meritorum.

427 3031 505 3090 Nam
529 3032 580 3110 qui
603 3031 700 3090 fastos
722 3030 858 3092 reddidit
874 3031 1064 3105 decemviris,
1088 3031 1170 3091 idem
1193 3032 1231 3090 ab
1246 3031 1344 3090 isdem
1363 3031 1453 3089 etiam
1469 3029 1570 3088 num·

427 3153 566 3191 morum
588 3113 865 3210 signando'rum
886 3133 1059 3192 institutum
1081 3134 1253 3213 profectum
1276 3152 1360 3205 esse,
1390 3151 1456 3190 eum
1479 3139 1571 3190 antea

427 3234 639 3294 tantummodo
662 3236 743 3293 aeris
766 3236 832 3293 sive
855 3235 939 3294 rudis
962 3237 1027 3295 sive
1050 3237 1164 3313 signati
1186 3255 1257 3294 usus
1287 3234 1409 3307 fuisset,
1439 3233 1571 3292 feliciter

428 3337 571 3395 odoratus
595 3344 642 3395 est
662 3336 745 3395 Hist.
762 3337 814 3421 rei
836 3337 1022 3396 nummariae
1045 3339 1132 3396 Rom.
1155 3359 1185 3416 p.
1204 3339 1263 3396 175
1279 3357 1341 3416 sq.:
1364 3335 1448 3395 unde
1470 3335 1570 3414 sequi·

428 3447 478 3497 tur
499 3459 546 3498 ne¹
561 3438 620 3496 hoc
643 3437 766 3518 quidem
789 3439 821 3496 in
844 3459 959 3516 genere
982 3439 1019 3498 ab
1042 3438 1244 3499 Atheniensis
1272 3438 1457 3518 legislatoris
1481 3438 1573 3495 fasto-

428 3561 493 3599 rum
510 3541 646 3599 eiusdem
663 3549 693 3600 et
707 3541 752 3599 rei
773 3543 961 3610 nummariae
982 3541 1236 3601 administratoris
1258 3542 1398 3620 exemplo
1421 3541 1572 3599 defecisse

430 3642 619 3702 decemviros
642 3643 807 3702 Romanos.
853 3642 954 3720 Quam
977 3643 1100 3723 quidem
1121 3664 1186 3704 rem
1209 3664 1276 3702 cum
1300 3652 1330 3702 et
1353 3663 1392 3702 ex
1413 3643 1491 3721 legis
1507 3642 1574 3700 XII

429 3746 551 3806 statutis
569 3744 607 3804 de
631 3755 824 3804 sacramento
845 3745 945 3824 deque
968 3747 1144 3805 iniuriarum
1167 3747 1276 3825 poenis
1295 3743 1341 3823 (II
1358 3748 1386 3803 1.
1402 3745 1483 3804 VIII
1498 3746 1527 3802 3.
1543 3745 1573 3804 4.

429 3849 501 3908 add.
519 3846 581 3926 10.)
606 3856 637 3908 et
660 3857 888 3927 extemporum
910 3850 1029 3908 ratione
1052 3849 1134 3908 inter
1155 3849 1257 3907 varias
1279 3849 1375 3925 leges,
1401 3847 1509 3926 quibus
1534 3844 1573 3902 de

429 3952 523 4010 multa
551 3951 688 4030 pecorali
711 3951 836 4031 eiusque
858 3951 891 4009 in
921 3951 1132 4029 pecuniariam
1159 3951 1327 4012 mutatione
1356 3958 1475 4010 cautum
1502 3967 1571 4006 esse

429 4055 574 4127 traditur,
597 4053 812 4113 intercedente
842 4053 886 4111 ita
907 4053 961 4112 ille
986 4053 1199 4128 illustraverit,
1230 4054 1268 4114 de
1292 4073 1329 4112 ea
1351 4053 1461 4112 utrix
1485 4048 1573 4130 quid-

430 4174 521 4236 quam
543 4165 639 4215 restet
662 4155 877 4225 dubitationis,
904 4164 969 4214 turn
992 4157 1137 4214 disertam
1156 4147 1296 4216 'eiusdem
1319 4153 1574 4233 significationem

430 4259 535 4317 nescio
572 4279 611 4317 an
643 4257 739 4318 Gaius
776 4256 1001 4329 subministret,
1038 4258 1111 4315 licet
1139 4257 1262 4317 diversa
1290 4254 1464 4315 confundat
1494 4255 1573 4313 Inst.

430 4358 446 4418 I
470 4361 529 4416 122
554 4359 632 4436 (Ine.
657 4360 693 4420 fr.
718 4358 750 4436 9)
775 4362 853 4418 ‘ideo
877 4368 971 4417 autern
995 4378 1046 4418 aes
1069 4367 1095 4418 ei
1116 4365 1191 4418 libre
1215 4363 1381 4431 adhibetur,
1413 4363 1481 4433 quic
1510 4361 1574 4414 olim

431 4468 527 4519 nereis
542 4471 651 4519 tantun
666 4469 785 4520 nummis
801 4465 963 4534 utebantur,
989 4472 1015 4520 et
1042 4471 1127 4520 erent
1150 4480 1243 4536 asses,
1268 4465 1418 4536 dupondii,
1443 4463 1577 4517 semisses

431 4574 459 4621 et
480 4568 667 4638 quadrantes,
692 4583 746 4621 nee
768 4569 845 4622 ullus
867 4573 978 4622 eureus
995 4570 1038 4622 uel
1061 4573 1216 4639 argenteus
1231 4583 1361 4654 nummus
1382 4569 1411 4620 in
1428 4580 1482 4619 usu
1498 4568 1572 4628 eret,

431 4671 527 4728 sieut
555 4685 600 4724 eu
626 4671 704 4742 lepe
726 4670 792 4724 XII
811 4651 1021 4725 tubulorum
1044 4671 1260 4742 intellegere
1286 4662 1508 4740 possumus’.
1532 4692 1574 4744 -7
