3709 5634
579 682 833 753 nexuvounciu
856 683 1070 732 reaumaus
1092 683 1264 733 nunonis.
1474 669 1495 734 9

347 859 425 922 gem
446 838 554 924 ipsam
573 837 657 903 bene
677 848 804 920 nosset,
826 827 981 925 capturus
1003 839 1093 904 haud
1115 839 1226 904 fuerit.
1237 839 1260 928 ¹)
1290 837 1420 905 Pariter
1439 841 1495 928 qui

346 940 545 1005 rhetoricam
566 939 609 1004 ad
629 939 992 1027 Herennium-scripsit
1018 963 1060 1006 ex
1084 939 1157 1026 lege
1182 940 1325 1028 plurima
1344 941 1495 1032 exempla

346 1041 467 1107 hausit.
498 1041 622 1106 Verum
637 1043 726 1108 eirca
744 1042 869 1108 liberae
883 1041 1089 1129 ‘reIpublicae
1110 1044 1237 1109 exitum
1257 1065 1332 1109 cum
1351 1044 1494 1130 partium

349 1144 458 1209 studio
473 1153 507 1209 et
520 1146 620 1208 armis
636 1144 759 1233 civium
773 1167 871 1210 verus
885 1147 1014 1232 patriae
1030 1167 1123 1213 amor
1141 1147 1211 1211 fere
1227 1149 1391 1212 extinctus
1407 1157 1495 1213 esset

349 1245 511 1333 simulque
525 1247 730 1312 Graecanica
748 1246 911 1333 elegantia
925 1248 1030 1312 omnis
1053 1248 1141 1314 vitae
1163 1271 1232 1314 mos
1253 1249 1426 1336 cultusque
1446 1251 1493 1314 in·

348 1349 516 1430 ficeretur,
532 1347 590 1413 Illa
610 1371 740 1436 quoque
753 1348 836 1435 legis
858 1349 947 1436 apud
968 1350 1125 1436 populum
1145 1352 1303 1416 memoria
1323 1353 1495 1418 consenuit

348 1461 383 1516 et
398 1448 555 1537 paulatim
570 1451 719 1516 evanuit:
736 1452 848 1539 itaque
863 1452 978 1517 Cicero
993 1453 1028 1516 in
1042 1453 1140 1518 libris
1154 1451 1195 1518 de
1211 1451 1340 1538 legibus
1354 1491 1398 1503 —
1412 1477 1494 1540 quos

347 1575 435 1617 nunc
449 1554 530 1618 satis
545 1562 677 1619 constat
691 1576 777 1620 anno
789 1552 928 1620 1000ss
943 1577 970 1619 s.
978 1551 1141 1620 ›1000111
1155 1555 1355 1641 conscriptos
1371 1577 1442 1620 esse
1453 1593 1494 1606 -

348 1655 421 1721 XII
435 1655 503 1720 iam
517 1677 538 1719 a
552 1655 681 1720 nemine
696 1654 780 1720 disci
795 1656 944 1743 queritur
954 1655 990 1720 II
1000 1655 1053 1739 23,
1065 1655 1157 1740 59²);
1170 1678 1235 1722 nec
1247 1655 1312 1721 alia
1323 1680 1366 1723 ex
1376 1679 1495 1723 caussa
1598 1697 1603 1706 .

345 1756 436 1827 idem
450 1756 566 1824 eodem
580 1755 651 1822 loco
666 1757 830 1844 putandus
846 1768 896 1824 est
910 1768 978 1824 tam
989 1757 1120 1845 copiose
1132 1758 1172 1824 de
1187 1757 1392 1827 funeralibus
1408 1758 1493 1845 legis
1562 1827 1566 1834 ,

348 1859 508 1925 institutis
525 1859 696 1924 disserere.

431 1961 503 2027 Iam
524 1985 602 2029 vero
622 1982 707 2050 quae
727 1970 795 2027 tam
809 1962 994 2049 perniciosa
1012 1963 1125 2029 extitit
1145 1963 1213 2049 legi
1228 1963 1375 2029 Graecae
1396 1963 1493 2028 disci-

346 2054 457 2152 plinae
473 2065 668 2147 auctoritas,
689 2063 805 2130 eadem
826 2064 930 2130 altera
949 2075 1104 2152 exparte
1124 2087 1283 2131 summam
1303 2066 1334 2130 ei
1355 2064 1495 2131 salutem

346 2166 470 2232 attulit.
498 2165 649 2254 Namque
675 2189 739 2254 quo
760 2167 866 2252 magis
887 2188 930 2232 ex
951 2189 1012 2232 usu
1032 2167 1156 2233 forensi
1177 2191 1215 2234 ac
1235 2167 1387 2256 populari
1414 2176 1493 2232 tam-

346 2291 446 2356 quam
466 2269 609 2335 emeritis
632 2268 806 2358 stipendiis
828 2279 1041 2336 exauctorata
1064 2271 1217 2352 cedebat,
1239 2293 1276 2335 eo
1299 2270 1450 2357 cupidius
1475 2293 1495 2335 a

346 2372 623 2457 grammaticis
651 2370 799 2436 studiis
826 2371 966 2437 vixdum
987 2372 1098 2438 sedem
1118 2373 1225 2439 nactis
1246 2382 1406 2459 occupata
1432 2382 1493 2438 est.

345 2473 417 2538 Nec
430 2472 540 2539 hercle
556 2474 729 2560 quisquam
744 2473 924 2556 dubitabit,
948 2475 1027 2561 quin
1049 2475 1281 2559 grammaticos
1296 2474 1444 2542 homines
1460 2487 1494 2542 et

347 2575 528 2658 litteratos,
544 2577 602 2662 qui
621 2577 683 2642 toti
705 2584 817 2670 essent
834 2576 869 2639 in
890 2574 1024 2661 linguae
1047 2587 1080 2643 ct
1098 2577 1256 2642 historiae
1275 2578 1495 2642 monumentis

348 2678 565 2764 congerendis
585 2677 830 2764 perscrutandis
852 2677 1075 2764 explicandis,
1101 2679 1265 2764 insignem
1290 2677 1356 2764 legi
1372 2679 1443 2744 XII
1457 2689 1496 2744 ut

348 2781 578 2867 antiquissimo
592 2779 814 2845 Romanorum
829 2779 912 2846 libro
928 2802 1063 2866 operam
1077 2803 1199 2846 navare
1214 2780 1399 2866 perfuerit.
1424 2780 1495 2846 Iam

347 2883 406 2968 qui
424 2882 576 2967 princeps
597 2883 884 2968 grammaticorum
900 2882 935 2944 in
949 2881 1058 2947 fronte
1073 2882 1180 2968 operis
1197 2881 1388 2948 Suetoniani
1402 2883 1494 2968 poni-

347 2995 419 3066 tur,
445 2985 538 3049 cuius
563 2984 672 3070 ipsum
696 3006 816 3048 nomen
837 2983 913 3048 huic
935 2985 995 3049 toti
1016 2982 1201 3065 studiorum
1221 2983 1335 3068 generi
1355 2983 1495 3049 affixum

346 3086 432 3171 esti)
441 3134 451 3168 ,
477 3087 518 3150 1..
533 3084 649 3151 Aelius
670 3085 754 3152 Stilo
769 3084 991 3150 Praeconinus
1008 3092 1045 3149 ut
1059 3077 1242 3149 carminum
1257 3084 1432 3150 Saliarium
1447 3087 1495 3151 ila

347 3186 421 3253 XII
436 3186 623 3254 tabularum
643 3187 908 3274 explanationem
929 3188 1132 3274 conscripsit.
1172 3187 1279 3269 Quem
1300 3197 1429 3253 secutus
1446 3197 1497 3252 est

416 3462 438 3529 ¹)
464 3464 501 3518 cf.
528 3463 605 3515 locos
628 3463 663 3514 ad
685 3464 844 3530 fragmenta
869 3464 971 3514 citatos
992 3461 1089 3513 Plauti
1111 3463 1139 3514 II
1161 3464 1177 3514 2
1203 3463 1316 3514 Terenti
1337 3463 1380 3515 III
1402 3466 1418 3514 3
1441 3464 1495 3514 En-

344 3550 387 3600 nii
409 3549 476 3600 VIII
495 3551 525 3598 11
545 3563 586 3614 sq.
602 3547 708 3600 Lucilii
725 3549 738 3598 I
757 3551 780 3607 1,
798 3551 815 3598 2
832 3547 942 3598 Afranii
960 3547 973 3598 I
992 3549 1007 3598 7
1024 3547 1157 3598 Varronis
1174 3548 1188 3598 1
1205 3551 1229 3599 3.
1261 3549 1367 3611 Quibus
1386 3547 1496 3599 accedit

348 3633 467 3684 Catonis
486 3650 520 3685 ex
538 3633 610 3685 libro
626 3634 665 3684 IV
683 3633 826 3698 Originum
845 3649 862 3683 a
874 3633 1019 3684 Prisciano
1037 3633 1051 3683 I
1068 3650 1095 3698 p.
1108 3633 1205 3684 25411.
1224 3633 1363 3698 allegatus
1381 3635 1420 3683 ‘si
1439 3636 1495 3699 quis

347 3720 479 3771 membrum
501 3721 574 3784 rupit
595 3726 640 3768 aaz
661 3735 691 3770 os
710 3719 804 3784 fregit,
829 3721 923 3768 talione
941 3718 1078 3783 proximus
1100 3724 1223 3783 cognatus
1244 3720 1400 3769 ulciscitur’:
1420 3719 1495 3790 *qnod

346 3808 401 3857 etsi
417 3820 507 3871 neque
526 3804 562 3855 ad
579 3804 634 3856 XII
652 3818 744 3870 neque
762 3804 798 3854 ad
816 3805 860 3854 ins
878 3803 933 3854 XII
952 3803 1093 3867 antiquius
1113 3811 1173 3852 c'um
1185 3803 1353 3854 Mommseno
1371 3803 1494 3853 referen-

345 3891 409 3941 dum
428 3907 492 3942 esse
510 3890 558 3940 sed
577 3890 612 3940 ad
630 3889 763 3940 talionem
780 3889 883 3940 Poenis
901 3889 1035 3938 usitatam
1053 3887 1238 3940 revocandum
1258 3902 1318 3938 cum
1336 3887 1495 3954 Wagenero

346 3981 376 4027 et
390 3975 508 4028 Iordane
529 3975 611 4026 docet
629 3981 657 4026 et
674 3974 819 4041 inscriptio
837 3974 857 4024 l.
869 3975 911 4026 IV
929 3979 958 4024 et
975 3989 1109 4040 praesens
1127 3975 1287 4024 ‘ulciscitur’
1306 3978 1334 4023 et
1351 3974 1413 4038 ipsa
1431 3990 1496 4038 poe·

348 4076 446 4112 narum
468 4059 631 4125 diversitas,
656 4064 750 4111 tamen
773 4060 808 4110 ad
835 4060 952 4111 formam
980 4059 1051 4126 legis
1074 4049 1170 4125 aperte
1195 4057 1430 4109 accommodatum
1453 4063 1496 4110 est

346 4145 470 4210 (V1112‚
489 4146 527 4211 3).

412 4228 435 4298 ¹)
453 4230 559 4282 Eadem
578 4237 621 4283 est
634 4230 778 4283 Ciceronis
796 4231 830 4282 de
847 4231 907 4282 iure
924 4228 1067 4298 pontificio
1086 4229 1194 4296 questio
1212 4229 1246 4281 de
1264 4245 1302 4284 or.
1322 4229 1365 4280 111
1383 4232 1425 4296 33,
1446 4231 1495 4282 136

345 4321 419 4366 ‘narn
434 4319 591 4382 pontificius
608 4320 677 4385 qaod
694 4325 734 4369 est
749 4319 906 4369 coniunctam
922 4333 993 4368 nemo
1012 4317 1107 4371 discit)

414 4400 435 4465 ³)
455 4400 555 4453 Cicero
578 4403 611 4454 ‹le
637 4419 676 4457 or.
699 4404 714 4454 I
735 4405 783 4462 43,
804 4405 862 4454 193.
890 4400 955 4452 Nam
977 4405 1030 4453 uae
1052 4417 1123 4468 quem
1146 4401 1209 4451 laec
1227 4401 1366 4451 Aeliana
1387 4401 1496 4451 studia

343 4489 486 4546 delectant,
503 4488 614 4552 plistiam
637 4495 676 4538 cst
693 4484 804 4538 ia‘omni
824 4491 881 4539 iure
898 4488 967 4538 ciuili
987 4495 1015 4538 at
1037 4489 1064 4538 in
1080 4489 1226 4552 pontificum
1245 4485 1317 4536 libra
1340 4492 1366 4536 et
1390 4488 1416 4536 iu
1434 4485 1495 4536 XII

345 4571 438 4622 tabulr's
453 4573 615 4638 miquitatis
633 4574 743 4638 effigies,
766 4575 835 4638 qaod
851 4580 878 4623 et
898 4573 1031 4624 uerborum
1051 4574 1141 4636 prisca
1158 4577 1271 4622 vetustas
1288 4573 1451 4637 coqnoscitur
1470 4578 1496 4620 et

344 4658 470 4707 actium
490 4673 589 4722 genera
611 4660 735 4724 quasdam
753 4661 876 4711 maiorum
898 4659 1102 4710 consuetudinem
1123 4658 1247 4724 uitamque
1275 4658 1416 4708 ἀεοῑαναπι.
1455 4655 1494 4710 ef.

345 4743 431 4796 Acad.
451 4744 598 4811 post12‚
617 4744 642 4796 8.
