3709 5634
417 604 476 675 108
833 615 945 663 carvr
968 611 1146 674 6666666.

413 776 549 865 ponium
560 775 638 860 Dig.
652 773 681 855 1,
693 773 723 856 2,
736 772 756 835 2
767 776 787 853 6
798 770 850 851 32.
866 768 1048 856 Vopiscum
1061 791 1093 832 v.
1105 765 1206 832 Probi
1219 773 1302 831 extr.
1318 764 1389 830 Nec
1400 766 1558 833 transitus

414 878 610 965 exprimitur
621 875 685 941 nisi
700 875 754 940 14
769 876 944 953 ‘proletario
959 876 972 934 i
975 890 1031 934 om
1047 875 1125 935 civi
1137 875 1203 948 quis
1214 875 1290 934 ociet
1300 872 1412 934 vindex
1422 876 1507 934 esto?
1517 910 1559 920 -

414 982 461 1047 At
476 980 610 1066 gravius
626 976 753 1045 accedit
764 974 912 1041 altemm.
935 974 1033 1037 ‘Ast’
1045 971 1132 1037 enim
1145 972 1181 1035 in
1195 971 1336 1058 antiquis
1348 971 1481 1056 linguae
1492 996 1558 1040 mo-

413 1084 576 1149 numentis
591 1082 782 1166 neutiquam
797 1076 990 1164 opponentis
1006 1096 1078 1139 esse
1093 1096 1131 1139 ac
1144 1095 1278 1159 prorsus
1295 1074 1426 1139 differre
1441 1074 1484 1140 ab
1501 1080 1558 1143 ‘at‘

413 1182 592 1274 particulae
612 1183 744 1250 notione
765 1189 798 1245 66
817 1202 880 1244 usu
901 1175 1065 1244 subtiliter
1086 1174 1260 1261 indagavit
1279 1174 1501 1241 Buechelerus
1526 1178 1559 1243 iu
1647 1233 1650 1239 .

414 1286 620 1353 Fleckeiseni
635 1282 756 1350 Annal.
771 1279 850 1369 phil.
864 1280 904 1347 79
916 1302 949 1367 p.
962 1278 1038 1345 765:
1058 1280 1120 1343 etsi
1135 1299 1233 1365 quam
1246 1278 1318 1364 ipse
1329 1278 1499 1365 professus
1511 1291 1561 1348 est

413 1388 581 1456 meliorem
597 1384 808 1474 sententiam,
829 1406 870 1448 ne
891 1384 998 1468 ipsam
1018 1381 1151 1467 quidem
1170 1380 1250 1446 mihi
1269 1381 1462 1448 satisfacere
1475 1367 1559 1450 xcon·

413 1493 520 1559 dteor.
543 1490 609 1572 Qui
617 1487 852 1555 Ciceronianae
867 1485 1011 1550 maxime
1025 1484 1106 1569 legis
1122 1484 1234 1550 verbis
1249 1492 1358 1549 motus
1374 1484 1415 1550 de
1430 1486 1495 1571 leg.
1506 1484 1559 1553 Ill

414 1594 446 1677 8,
464 1594 503 1659 19
517 1597 618 1659 ‘Divos
638 1602 667 1655 et
679 1610 729 1655 cos
744 1594 796 1669 qui
808 1594 950 1654 coelestes
963 1607 1080 1666 semper
1093 1590 1202 1668 irooiti,
1222 1592 1339 1651 colunto
1358 1595 1388 1651 et
1402 1594 1476 1653 otios
1489 1609 1560 1667 quas

413 1702 490 1761 eodo
513 1701 598 1761 cocio
625 1699 731 1759 merita
760 1695 991 1767 contemserint,
1021 1693 1197 1770 Herculem,
1228 1681 1367 1753 Liberum
1505 1706 1561 1773 ast

413 1806 503 1881 otta,
526 1806 655 1879 propter
678 1815 755 1875 quae
781 1798 874 1858 datur
899 1797 1012 1857 leontini
1031 1796 1192 1857 adscensus
1213 1798 1244 1856 in
1263 1798 1396 1875 coetum,
1421 1796 1558 1874 Mentem,

421 1908 578 1978 Virtutem,
600 1903 754 1964 Pietctcm’
778 1918 806 1961 e.
823 1918 854 1983 q.
871 1919 898 1961 s.
918 1895 1036 1961 statuit
1054 1897 1144 1961 ‘ast'
1166 1892 1247 1959 nihil
1268 1892 1359 1959 aliud
1375 1896 1559 1981 significare

413 2004 477 2071 nisi
493 2010 564 2087 ‘ut',
580 2002 628 2067 ita
642 2010 761 2082 tamen,
776 2008 813 2065 ut
827 2021 866 2065 ea
879 1996 1041 2086 particula
1056 1996 1205 2064 similiter
1219 2005 1317 2084 atque
1330 1996 1459 2066 Graeca
1472 2000 1560 2085 achet

413 2105 588 2173 relative
602 2111 761 2190 usurpata
775 2110 808 2167 et
823 2100 1142 2167 demonstrative
1157 2138 1194 2148 —
1208 2098 1251 2165 ef.
1263 2099 1379 2165 Livius
1397 2100 1433 2164 X
1451 2102 1502 2189 19,
1522 2105 1558 2168 17

413 2216 452 2274 ‘si
465 2213 553 2275 hodie
567 2210 650 2279 nobis
662 2210 817 2271 victoriam
832 2208 913 2280 dcis,
928 2216 986 2270 cst
998 2224 1052 2283 eoo
1067 2212 1167 2270 coveo'
1182 2242 1224 2253 —
1245 2202 1329 2269 ratio
1344 2209 1455 2295 potius
1477 2229 1560 2294 quae

413 2313 498 2377 inter
513 2330 662 2375 caussam
678 2320 710 2376 et
725 2309 991 2393 consequentiam
1005 2306 1147 2373 invicem
1160 2308 1343 2377 intercedat
1357 2311 1422 2397 (‘ut
1433 2348 1474 2359 -
1485 2310 1558 2394 ita’)

414 2412 627 2501 exprimatur.
667 2410 795 2493 Quibus
816 2410 1034 2499 adstipulatus
1049 2408 1337 2478 Reifferscheidius
1359 2414 1394 2478 in
1408 2398 1495 2480 Mus.
1510 2412 1558 2479 rh.

413 2514 492 2603 phil.
507 2512 612 2581 XVII
631 2537 663 2601 p.
679 2513 743 2579 294
761 2512 827 2579 alia
847 2536 890 2578 ex
912 2512 1081 2579 Ciceronis
1102 2513 1231 2600 legibus
1252 2514 1405 2603 exempla
1423 2514 1555 2601 collegit

414 2619 534 2705 quibus
562 2615 736 2683 relativam
760 2616 925 2681 notionem
950 2617 1016 2680 iarn
1036 2617 1208 2683 transiisse
1233 2617 1268 2682 in
1294 2620 1555 2705 temporalem

414 2720 580 2807 probaret.
618 2712 742 2786 Verum
762 2719 922 2784 eiusmodi
943 2718 1117 2783 transitum
1136 2718 1170 2783 in
1190 2719 1272 2805 ipsis
1293 2718 1393 2785 Tullii
1413 2720 1555 2808 antiquis

414 2822 561 2889 fontibus
577 2843 639 2887 usu
654 2821 783 2888 venisse
798 2844 863 2888 non
878 2844 960 2907 opus
982 2829 1034 2887 est
1047 2843 1228 2887 sumamus:
1251 2822 1406 2887 nimirum
1425 2833 1459 2889 et
1477 2822 1559 2888 haec

414 2923 566 3011 exempla
580 2932 613 2989 et
627 2945 711 3011 quae
726 2924 797 3011 ipse
812 2921 1033 2989 Buechelerus
1048 2946 1091 2988 ex
1105 2924 1206 3010 regiis
1221 2922 1350 3009 legibus
1371 2935 1404 2991 et
1418 2926 1558 2992 fratrum

413 3024 587 3093 Arvalium
608 3026 824 3091 monumentis
846 3025 973 3108 attulit,
999 3048 1116 3111 parum
1135 3025 1232 3091 huius
1258 3026 1404 3113 opinioni
1433 3026 1558 3095 favent.

414 3128 498 3195 Sunt
512 3128 599 3193 eninr
614 3127 708 3194 haee:
726 3126 822 3193 Servi
837 3127 926 3193 Tulli
941 3128 996 3193 lex
1010 3128 1101 3215 apud
1115 3129 1251 3194 Festum
1265 3152 1298 3215 p.
1312 3129 1377 3195 230
1391 3136 1431 3195 ‘si
1438 3152 1558 3211 parea*

414 3242 564 3313 temperer
578 3235 724 3311 verberit,
744 3241 803 3296 ost
817 3238 874 3296 oiie
886 3237 1043 3312 plorassit,
1061 3252 1140 3311 puer
1150 3231 1174 3316 ¹)
1195 3222 1271 3297 diors
1286 3243 1452 3313 parentum
1472 3254 1559 3297 socer

413 3340 497 3398 csta'
526 3333 634 3399 Frate.
660 3331 774 3399 Arval.
796 3354 883 3399 mon.
905 3334 946 3398 Τ.
965 3333 1085 3400 XXIV
1108 3332 1126 3397 I
1153 3333 1172 3397 8
1192 3334 1275 3399 Mar.
1303 3338 1385 3399 ‘csta
1410 3336 1448 3421 (i.
1463 3356 1492 3401 6.
1514 3348 1561 3400 ost

415 3434 492 3523 tc)²)
508 3456 546 3501 ec
560 3441 604 3499 ita
618 3438 723 3511 fossis
740 3447 811 3501 turre
825 3440 880 3501 tibi
892 3442 1009 3500 nomiae
1029 3442 1137 3515 calleci
1151 3440 1299 3514 (fratrum
1314 3444 1487 3518 Ar)coiicm
1507 3442 1558 3503 bo

414 3576 617 3587 ....——--·

483 3659 503 3725 ¹)
522 3666 617 3727 ‘parea
631 3664 708 3726 puer'
728 3660 798 3721 cod,
817 3675 877 3711 cum
895 3660 1004 3713 librarii
1022 3660 1095 3712 oculi
1112 3662 1149 3713 ad
1160 3662 1254 3728 priora
1272 3666 1416 3728 ‘parentem
1432 3666 1509 3728 puer’
1525 3687 1559 3699 -

414 3762 469 3799 non
488 3746 523 3797 ad
541 3762 660 3813 sequens
679 3749 833 3811 ‘parentem’
852 3752 883 3797 ut
900 3745 1054 3814 Muellerus
1069 3750 1151 3812 putat
1167 3775 1202 3785 -
1220 3748 1422 3801 aberraverint.

481 3830 504 3895 ²)
523 3834 574 3883 ‘aa'
593 3831 710 3882 formam
729 3846 811 3896 quam
830 3832 913 3884 etiam
931 3831 1050 3897 Vergilii
1066 3832 1214 3885 Palatinus
1232 3838 1353 3885 testatur
1370 3833 1439 3887 Aen.
1462 3834 1488 3885 X
1511 3835 1557 3885 743

321 3984 323 3988 Ι
414 3916 586 3971 Ribbeckius
604 3917 633 3966 in
650 3915 828 3967 Fleckeiseni
846 3916 947 3967 Annal.
965 3932 992 3967 v.
1011 3920 1044 3967 77
1062 3934 1090 3983 p.
1108 3918 1158 3969 188
1176 3921 1205 3969 in
1224 3920 1458 3985 comparationem
1475 3936 1557 3971 voca·

414 4005 457 4055 vit
474 4006 604 4055 vetustae
622 4002 728 4053 formae
747 4006 818 4069 ‘pos’
843 4018 860 4053 a
877 4002 1032 4053 Ritschelio
1052 4002 1133 4067 (Mus.
1152 4003 1193 4058 rh.
1211 4004 1265 4056 VH
1282 4006 1332 4057 666
1350 4019 1411 4069 sqq.
1436 4005 1474 4055 cf.
1492 4006 1558 4056 VIII

416 4089 465 4140 155
482 4102 542 4153 sqq.
563 4087 594 4139 G.
614 4085 726 4137 Curtius
750 4089 780 4137 in
798 4088 902 4137 Kuhnii
919 4087 1019 4138 Annal.
1038 4088 1052 4138 Ι
1069 4088 1119 4138 268
1136 4090 1208 4156 sqq.)
1228 4095 1256 4142 66
1278 4095 1374 4143 erutae
1397 4094 1426 4141 66
1449 4091 1557 4157 expedi-

416 4178 478 4234 tae:
496 4176 528 4223 ut
545 4170 771 4237 quemadmodum
789 4172 859 4224 haec
878 4172 1050 4239 amplificata
1068 4178 1112 4224 est
1128 4174 1228 4227 suffixo
1243 4179 1358 4242 ‘pos—te'
1373 4176 1558 4242 (‘pos·te·d’)

416 4261 513 4322 ‘post’z
532 4258 574 4307 ita
593 4255 688 4307 eodem
707 4256 817 4307 adiecto
836 4273 870 4308 ex
889 4255 952 4323 ‘jas'
972 4258 1101 4309 effectum
1119 4260 1157 4310 sit
1174 4264 1292 4324 ‘as-te’,
1312 4264 1397 4311 ‘cett
1425 4262 1486 4313 Nec
1498 4263 1556 4313 sine

415 4342 612 4407 probabilitate
629 4340 657 4391 id
676 4341 797 4407 quidem:
817 4343 871 4393 etsi
888 4342 985 4393 littera
1003 4347 1015 4393 t
1032 4343 1122 4395 videri
1140 4347 1229 4410 possit
1247 4350 1275 4396 66
1292 4347 1321 4396 ἰ6
1340 4346 1456 4397 fratrum
1471 4347 1556 4397 Arva·

414 4427 482 4477 lium
499 4425 589 4476 titulis
607 4426 747 4492 particula
771 4418 841 4478 cum'
854 4429 1014 4493 pronomine
1038 4430 1066 4478 in
1088 4445 1172 4480 unum
1195 4430 1372 4482 coalescente
1395 4447 1451 4483 non
1473 4432 1553 4498 gemi-

415 4516 485 4561 nata
504 4525 564 4562 esse
581 4536 616 4547 -
633 4526 667 4561 ac
685 4511 779 4563 XXIII
796 4516 829 4565 49
848 4517 891 4564 est
909 4517 966 4563 ‘ast
987 4518 1029 4563 tu’
1046 4540 1078 4550 —
1097 4515 1172 4565 etin
1189 4516 1352 4582 Vergiliano
1370 4516 1480 4581 codice,
1505 4530 1555 4579 quo

414 4611 469 4647 uno
487 4596 548 4647 loco
566 4599 650 4662 poeta
668 4601 734 4649 ants
752 4602 949 4651 consonantem
975 4615 1009 4650 ea
1027 4600 1116 4651 forma
1132 4600 1218 4651 utitur
1235 4606 1281 4652 ‘cs
1303 4602 1337 4652 de
1353 4617 1391 4652 me
1409 4603 1491 4653 666666
1510 4618 1556 4666 pc·

416 4683 467 4733 ter’
486 4684 540 4737 ete.
560 4697 652 4736 errore
670 4698 828 4750 suppressa.
863 4683 940 4737 Illud
957 4700 1023 4739 vero
1042 4684 1113 4753 quod
1134 4684 1296 4741 dubitanter
1317 4686 1390 4741 idem
1413 4686 1555 4754 proposuit
