3709 5634
443 640 490 687 55
513 643 565 689 55
588 642 800 691 5555555555
822 645 999 706 55555555
1021 646 1308 701 5555555555555.
1405 638 1447 703 85

260 855 264 863 ,
300 794 376 875 559)
394 799 504 859 ε55555
518 800 647 890 555555
664 796 710 861 id.
727 800 818 861 ‘dunt
837 798 1000 885 (155551)
1022 806 1104 883 dant,
1127 808 1275 869 tribuunt’
1299 805 1354 871 (tl.
1375 806 1444 871 Mai

301 895 349 960 VI
363 895 454 983 521),
471 935 511 945 -
527 919 547 961 5
562 900 659 964 ‘dio’
681 899 782 982 igitur
795 901 977 987 perfectum
993 902 1164 969 derivatur
1184 905 1289 972 ‘duic
1312 919 1349 974 ut
1363 912 1446 976 ‘duit

301 1004 400 1062 dedit’
418 999 516 1064 estin
532 998 641 1065 Gloss.
658 1000 785 1088 Papiae·
797 1012 829 1068 55
844 1004 879 1066 in
893 1014 960 1069 vet.
977 1002 1031 1069 (tl.
1046 1005 1115 1069 Mai
1131 1006 1288 1075 V11559.
1303 1011 1443 1077 —Unde

300 1100 388 1187 quod
404 1100 630 1168 coniunctivus
647 1112 680 1168 55
694 1105 841 1169 futurum
856 1104 892 1169 II
908 1104 1033 1171 ‘duim’
1050 1116 1083 1173 et
1100 1108 1197 1173 ‘duo'
1213 1110 1363 1197 fingitur,
1379 1136 1445 1179 non

300 1203 462 1287 ε(1555155,
484 1205 620 1287 ’555553
642 1205 676 1269 id
691 1206 938 1293 antiquissimae
957 1207 1164 1275 formationis
1179 1213 1331 1280 5551555
1347 1215 1443 1281 docu-
1480 1233 1487 1247 ⁴

300 1314 446 1371 mentum
467 1316 532 1372 est:
559 1329 624 1393 qua
645 1307 770 1374 scilicet
789 1309 977 1375 terminatio
998 1309 1041 1374 ad
1067 1311 1174 1397 ipsam
1193 1316 1288 1382 verbi
1308 1318 1442 1404 stirpem

299 1409 441 1474 necdum
455 1408 679 1475 intercedente
699 1410 801 1477 verbo
824 1411 1032 1478 substantivo
1053 1412 1240 1482 accedebat.
1250 1418 1274 1503 ¹)
1308 1418 1383 1499 Qua
1402 1420 1442 1484 de

298 1534 334 1576 re
348 1509 426 1578 licet
439 1510 474 1573 in
489 1528 597 1575 meum
617 1534 713 1577 usum
733 1523 923 1608 convertere
944 1536 1028 1599 quae
1049 1514 1091 1579 de
1110 1519 1290 1584 sanscritae
1310 1519 1442 1605 linguae

297 1614 411 1679 futuro
434 1609 583 1677 similiter
598 1613 636 1677 F.
651 1614 799 1701 Boppius
821 1615 1004 1705 disputavit
1018 1616 1165 1682 Gramm.
1187 1640 1330 1708 compar.
1346 1626 1366 1703 ἓ
1381 1623 1442 1689 657

299 1716 351 1781 ed.
365 1715 397 1780 2.
419 1716 512 1784 Idem
527 1725 636 1780 autem
652 1716 790 1801 contigit
804 1717 838 1780 in
853 1718 1001 1782 eiusdem
1015 1720 1110 1785 verbi
1124 1721 1232 1787 forma
1246 1722 1312 1787 alia
1326 1728 1444 1799 ‘deda',·

298 1820 320 1883 i.
337 1842 366 1885 e.
383 1817 529 1883 ‘dedant'
550 1818 644 1882 iuxta
666 1822 785 1881 ‘dedra'
810 1819 845 1902 (i.
862 1842 889 1883 5.
906 1820 1108 1904 ‘ded-sune,
1130 1822 1332 1910 ε(15555550)
1354 1826 1389 1889 in
1404 1827 1443 1890 ti·
1469 1847 1473 1853 ·

298 1920 368 1989 tulo
384 1920 575 1986 Pisaurensi
590 1918 626 1984 O.
640 1918 667 1983 I.
678 1920 717 1985 L.
733 1922 792 1985 177
809 1931 951 2004 servata,
968 1945 1067 2008 quam
1081 1925 1250 2012 ingeniose
1266 1926 1445 2013 explicavit
1535 1986 1549 2002 ,

298 2034 487 2112 comparato
515 2044 633 2107 graeco
663 2024 843 2105 πεφύκαντι
871 2023 1091 2091 Mommsenus
1126 2028 1161 2090 in
1190 2029 1265 2094 Ital.
1294 2028 1441 2094 inferior.

298 2128 377 2193 dial.
398 2150 431 2213 p.
447 2126 508 2191 237
536 2164 577 2172 -
602 2146 679 2189 nam
706 2148 817 2191 oscum
841 2124 979 2191 ‘fufans’
1002 2149 1069 2193 non
1090 2128 1234 2195 debebat
1254 2130 1442 2215 adiungere,

298 2230 387 2316 quod
412 2228 694 2315 imperfectum
720 2250 791 2293 5555
823 2237 897 2313 post
923 2228 964 2293 G.
992 2228 1143 2296 Curtium
1170 2231 1383 2297 Aufrechtius
1411 2243 1444 2298 et

297 2330 523 2399 Kirchhoffius
539 2328 771 2396 intellexerunt
784 2328 898 2396 Umbr.
914 2328 995 2415 ling.
1010 2353 1096 2397 mon.
1113 2332 1130 2398 I
1144 2355 1177 2419 p.
1195 2334 1271 2418 1643
1287 2334 1443 2398 cf.-huius

296 2433 382 2500 liber
404 2434 490 2498 ‘Das
513 2432 702 2499 Stadtrecht
722 2457 754 2497 v.
776 2430 913 2497 Bantia'
935 2454 968 2518 p.
985 2434 1014 2497 7.
1029 2433 1082 2499 49.
1113 2436 1222 2521 Atque
1243 2437 1278 2501 in
1298 2459 1375 2502 osco
1396 2445 1443 2501 ta·

296 2535 396 2603 bulae
413 2535 575 2601 Bantinae
591 2557 739 2599 sermone
755 2540 817 2614 ‘pa
832 2545 954 2599 cenatur
968 2539 1092 2600 Bonane
1108 2542 1216 2617 (aspis
1227 2541 1358 2617 fa)id’‚
1374 2543 1444 2619 ‘nep

298 2650 420 2706 cenatur
436 2641 542 2715 suid'
559 2638 604 2723 (v.
621 2637 693 2721 28),
716 2642 766 2700 ‘tu
784 2643 828 2717 pt.
851 2644 885 2700 nt
900 2640 1008 2714 fuid'
1025 2637 1113 2723 (29),
1136 2643 1233 2715 ‘said’
1255 2663 1322 2706 non
1344 2640 1443 2725 signi-

296 2742 397 2807 ficare
412 2740 503 2822 ‘sit',
526 2740 584 2804 sed
601 2739 747 2821 ‘fuerit’,
771 2739 858 2824 quod
879 2738 960 2803 alias
982 2760 1057 2805 osce
1077 2749 1128 2805 est
1143 2744 1271 2817 ‘fusid',
1291 2742 1442 2826 Buggius

298 2842 417 2909 statuit
431 2843 466 2906 in
480 2842 606 2907 Kuhnii
617 2840 737 2907 Annal.
755 2842 868 2905 scient.
886 2840 966 2925 ling.
979 2861 1083 2928 comp.
1097 2841 1184 2906 VIII
1198 2865 1230 2929 p.
1246 2843 1288 2908 39
1304 2866 1365 2931 sq.‚
1381 2844 1444 2909 boc

296 2946 441 3011 maxime
466 2952 655 3029 argumento
682 2944 790 3024 nisus,
818 2943 905 3029 quod
926 2944 961 3006 in
982 2943 1100 3008 ceteris
1122 2966 1250 3030 quoque
1270 2945 1340 3009 eius
1360 2944 1442 3030 legis

296 3046 409 3113 vetitis
426 3045 652 3113 coniunctivus
669 3044 845 3131 perfecti
860 3054 1017 3131 ponatur:
1035 3045 1443 3132 ε5515552(5515555555)

297 3174 329 3216 5.
345 3148 375 3214 8.
395 3148 445 3213 14.
464 3148 513 3231 17,
530 3154 599 3229 ‘nep
611 3151 750 3225 sefacid’
768 3147 824 3232 (55
844 3146 975 3232 fecerit)
992 3170 1024 3212 v.
1043 3147 1096 3229 10,
1119 3156 1168 3211 ‘ae
1180 3152 1263 3227 ptim
1277 3153 1442 3228 prabipr'd'

299 3252 465 3338 (nequem
480 3250 697 3336 prohibuerit)
716 3249 816 3315 5.·25.
847 3248 889 3314 Id
909 3249 938 3313 si
953 3270 1067 3315 verum
1082 3249 1126 3315 sit
1144 3287 1178 3296 -
1196 3260 1233 3317 ut
1248 3250 1357 3337 specie
1372 3252 1443 3316 veri

297 3376 376 3419 5555
402 3352 709 3418 commendatur-
729 3352 838 3416 reide
860 3374 925 3438 qua
946 3353 1056 3437 agitur
1083 3352 1231 3439 apprime
1250 3354 1440 3419 conveniat:

297 3477 403 3542 neque
423 3465 532 3521 tamen
553 3453 754 3520 confidenter
778 3454 959 3541 quidquam
985 3454 1161 3520 decernere
1181 3456 1288 3519 ausim
1309 3478 1369 3521 555
1390 3478 1442 3520 mc

296 3558 430 3644 fugiunt
450 3578 534 3643 quae
555 3564 670 3623 contra
690 3577 763 3622 eam
783 3556 969 3642 opinionem
989 3555 1168 3622 Corssenus
1196 3557 1378 3644 disputavit
1396 3557 1442 3623 ib.

298 3660 350 3726 IX
367 3660 439 3725 156.
561 3678 566 3690 “

382 3760 454 3825 Iam
478 3782 557 3827 vero
582 3761 618 3824 in
642 3760 704 3825 hac
726 3760 833 3825 forma
856 3769 894 3825 ut
918 3761 1141 3846 geminaretur
1161 3759 1285 3826 vocalis
1306 3785 1344 3844 u,
1372 3760 1443 3827 sola

296 3863 584 3949 grammaticorum
597 3861 747 3928 doctrina
753 3862 847 3928 Accii
863 3862 1053 3929 auctoritati
1069 3862 1299 3929 obsecutorum
1306 3863 1334 3948 ²)
1349 3863 1441 3928 insti·

296 3974 403 4031 tutum
425 3973 490 4047 est,
513 3987 554 4029 ex
575 3986 640 4049 qua
659 3964 772 4030 itidem
792 3965 913 4049 legitur
932 3965 968 4029 in
987 3963 1082 4031 titulo
1104 3962 1279 4050 sepulcrali
1301 3963 1337 4029 Ο.
1359 3965 1387 4029 Ι.
1402 3965 1441 4030 L.

300 4068 379 4133 1051
411 4071 541 4131 ‘ultuma
570 4086 690 4131 suorum
715 4072 857 4144 suueit'
887 4105 925 4115 -
953 4089 1018 4153 qua
1054 4066 1186 4153 quidem
1215 4066 1322 4133 forma
1354 4075 1442 4131 recte

296 4168 479 4235 diiudicata
498 4168 587 4255 quod
603 4168 697 4235 addit
712 4170 934 4235 Mommsenus
949 4167 1039 4236 tituli
1053 4178 1194 4235 aetatem
1214 4177 1252 4233 ut
1266 4190 1307 4232 55
1321 4191 1381 4255 pro
1397 4191 1443 4235 uv

365 4357 386 4424 1)
405 4360 503 4424 Neque
522 4359 594 4411 enim
613 4358 645 4411 de
664 4374 784 4427 syncope
802 4386 835 4397 —
854 4358 947 4425 qualis
964 4365 1041 4411 recte
1060 4358 1169 4424 quidem
1187 4359 1322 4411 statuitur
1339 4360 1368 4409 in
1381 4364 1442 4410 ‘au-

298 4448 360 4498 sim’
380 4444 459 4509 (ause
481 4442 557 4509 sim),
577 4444 683 4511 ‘dixis',
703 4445 857 4511 ε55555555,
877 4446 975 4497 ‘iusso’
994 4444 1069 4509 sim.,
1093 4458 1257 4509 quemquam
1281 4446 1377 4511 opinor
1396 4460 1442 4495 co·

297 4532 450 4597 gitaturum
468 4545 539 4582 esse.

364 4613 389 4678 1)
412 4614 449 4666 51.
469 4615 565 4668 Velius
583 4617 696 4684 Longus
718 4634 745 4682 p.
764 4618 838 4668 2220.
868 4616 1016 4667 Terentius
1041 4612 1160 4665 Scaurus
1183 4632 1209 4680 p.
1229 4618 1304 4667 2255.
1335 4616 1440 4667 Marius

297 4700 455 4753 Victorinus
473 4716 499 4768 p.
519 4702 585 4753 2456
603 4702 634 4755 P.
653 4700 822 4755 Ritschelius
840 4702 913 4753 Μ55.
935 4700 1022 4767 epigr.
1039 4701 1094 4751 tria
1112 4716 1138 4767 p.
1158 4702 1191 4751 22
1210 4714 1270 4767 sqq.
