3709 5634
555 704 603 751 00
625 702 810 754 00000001
833 697 1045 754 0101000111
1067 707 1240 757 urucam.
1431 694 1471 759 19

324 881 447 925 annum
461 857 670 923 millesimum
684 861 719 923 in
733 858 817 926 libro
834 859 874 925 de
889 861 1073 928 Gothorum
1095 857 1223 948 legibus
1240 862 1361 929 dicitur
1376 886 1470 930 orsus

324 986 398 1028 esse
424 962 467 1027 ab
493 961 601 1046 elogio
627 954 699 1027 XII
719 961 906 1028 tabularum
938 971 1031 1052 ‘quas
1059 988 1169 1031 omnes
1197 967 1341 1032 carmine
1368 966 1470 1033 latmo

326 1063 635 1152 comprehendent,
660 1060 746 1129 teste
761 1063 897 1130 Nicolao
923 1067 1065 1133 Antonio
1086 1045 1124 1132 iri
1141 1069 1298 1135 Biblioth.
1320 1069 1471 1156 Hispana

322 1179 393 1234 vet.
407 1167 457 1232 VI
473 1166 524 1247 14,
539 1166 604 1232 350
618 1167 650 1252 (Ι
664 1189 697 1254 p.
712 1166 775 1231 518
791 1167 842 1232 ed.
859 1189 889 1232 a.
908 1168 1046 1258 1788).1)
1076 1171 1206 1239 Pariter
1226 1172 1352 1238 incerta
1372 1182 1471 1260 atque

322 1268 532 1336 incredibilia
552 1269 593 1333 de
614 1270 725 1335 nescio
746 1292 810 1356 quo
831 1271 942 1337 octavi
963 1272 1085 1337 saeculi
1105 1273 1304 1339 Massiliensi
1319 1275 1471 1362 episcopo

322 1373 521 1467 Francisous
538 1369 724 1436 Balduinus
745 1372 872 1458 profert
891 1375 926 1438 in
949 1373 1051 1441 ‘Libn
1073 1375 1109 1441 II
1129 1377 1163 1439 in
1182 1375 1271 1462 leges
1292 1375 1424 1442 Romuli
1439 1386 1472 1442 et

323 1477 414 1561 leges
430 1474 501 1539 XII
512 1473 711 1539 tabularum’
727 1475 779 1539 ed.
792 1475 893 1540 Basil.
908 1475 989 1542 1557
1001 1474 1255 1566 praelatioue²):
1274 1479 1384 1544 ‘audio
1396 1486 1472 1542 ante

325 1601 430 1644 annos
454 1575 656 1661 octingentes
679 1579 837 1662 scriptum
857 1566 917 1645 abs
940 1579 1082 1666 quodam
1098 1581 1250 1668 episcopo
1271 1579 1473 1647 Massiliensi
1540 1629 1544 1636 .

326 1680 450 1747 librum
465 1679 566 1744 fuisse
572 1719 583 1761 5
603 1681 639 1745 in
659 1703 723 1767 quo
739 1703 812 1746 cum
828 1681 969 1767 probare
983 1683 1055 1748 vult
1069 1683 1233 1748 Romanos
1250 1707 1270 1748 a
1285 1684 1423 1750 Graecis
1439 1693 1472 1748 01

325 1785 472 1850 Graecos
488 1805 508 1847 a
522 1781 654 1847 Iudaeis
671 1805 746 1848 suas
767 1783 856 1867 leges
878 1785 1067 1870 repetiisse,
1089 1793 1242 1870 magnam
1258 1787 1329 1852 XII
1344 1785 1470 1852 tabula-

324 1909 399 1950 rum
414 1894 543 1972 partem
559 1884 717 1951 describit
732 1908 771 1950 ao
785 1881 912 1978 recitat..⁴
943 1885 1008 1952 Sed
1031 1909 1105 1952 eum
1126 1909 1253 1975 quoque
1273 1887 1394 1954 librum
1415 1887 1472 1976 qui

327 1989 431 2054 habet
452 1988 649 2074 supprimit'.
692 1987 786 2069 Quae
807 1987 896 2052 haud
914 1990 1025 2076 inepte
1047 1990 1235 2056 Dirksenus
1256 2013 1290 2077 p.
1305 1991 1325 2055 3
1342 2013 1389 2077 sq.
1406 2012 1471 2054 non

327 2087 462 2155 aliunde
482 2089 619 2155 fluxisse
641 2090 823 2156 arbitratur
840 2091 905 2172 nisi
924 2115 967 2156 ex
987 2092 1126 2157 obscura
1147 2093 1237 2158 fama
1262 2093 1302 2156 de
1324 2091 1471 2157 Salviani

324 2191 545 2258 Massiliensis
566 2191 638 2257 XII
660 2192 744 2278 legis
770 2193 1076 2260 commemoratione
1099 2217 1119 2259 a
1139 2195 1302 2264 Balduino
1325 2186 1380 2260 vel
1401 2194 1470 2259 eius

323 2305 460 2382 auctore
479 2295 616 2359 mirifice
637 2294 846 2381 amplificata.
875 2296 1027 2383 Denique
1047 2297 1233 2364 Odofredus
1255 2296 1354 2362 IOtus
1371 2297 1470 2381 (mor-

322 2407 401 2462 tuus
417 2421 447 2462 a.
465 2398 563 2482 1265)
580 2419 654 2462 cum
675 2396 786 2463 tradat
806 2397 969 2484 quaedam
990 2422 1032 2466 ex
1057 2399 1180 2464 ultimis
1204 2397 1333 2464 duobus
1349 2397 1471 2464 tabulis

324 2511 461 2567 servata
480 2501 515 2564 in
529 2499 693 2565 Laterano
708 2522 797 2581 esse,
818 2499 906 2564 lectu
922 2499 1072 2566 difficilia
1087 2501 1136 2587 (in
1151 2501 1230 2586 Dig.
1247 2509 1313 2566 vet.
1332 2503 1360 2584 1,
1380 2503 1409 2584 1,
1424 2501 1471 2586 6),

286 2669 290 2673 ,
323 2613 440 2688 aperto
463 2624 572 2668 errore
588 2603 720 2668 ducitur
735 2604 891 2688 deceptus
907 2605 979 2668 sine
994 2605 1094 2669 dubio
1109 2602 1183 2670 aliis
1199 2602 1307 2689 legum
1322 2602 1472 2668 frustulis

323 2704 374 2770 ibi
389 2705 510 2790 visis.³)

414 2807 517 2873 Vides
539 2809 642 2894 igitur
662 2807 760 2873 etiam
781 2807 852 2873 XII
873 2806 1062 2874 tabidarum
1082 2805 1231 2872 libellum
1252 2829 1312 2872 sua
1332 2807 1401 2872 fata
1415 2805 1471 2871 ha-

322 2908 452 2974 buisse:
480 2933 564 2998 quae
584 2910 691 2996 prima
711 2920 744 2974 et
764 2908 836 2973 sola
855 2908 910 2974 lex
931 2909 1075 2975 civitatis
1092 2931 1217 2974 summo
1233 2907 1347 2996 populi
1363 2908 1471 2974 studio

324 3010 493 3077 celebrata
513 3035 573 3100 per
593 3012 729 3098 longrim
749 3022 877 3098 tempus
898 3035 954 3078 ore
974 3011 1202 3078 tantummodo
1223 3022 1407 3100 propagata
1422 3021 1473 3076 001

325 3136 365 3178 00
382 3132 453 3178 sero
475 3113 605 3179 demum
621 3115 738 3180 litteris
754 3113 923 3179 mandata:
952 3124 1021 3180 11110
1043 3137 1122 3180 vero
1142 3109 1176 3178 111
1195 3137 1259 3179 000
1280 3137 1351 3180 esse
1373 3115 1472 3179 desiit
1492 3159 1499 3171 ,

325 3225 359 3280 et
375 3214 446 3280 sola
460 3219 750 3302 grammaticorum
765 3227 798 3282 et
812 3217 1044 3283 historicorum
1065 3215 1176 3281 studia
1197 3217 1360 3300 exercuit3
1382 3215 1471 3281 deni-

323 3310 389 3404 que
403 3317 457 3383 vel
472 3319 522 3383 his
539 3319 766 3385 deficientibus
783 3317 950 3385 oblivione
965 3340 1100 3406 prorsus
1113 3318 1304 3384 oblitterata
1319 3327 1380 3384 est.
1402 3318 1471 3383 Nec

324 3419 477 3506 profecto
492 3421 569 3486 hinc
583 3422 777 3505 mirabimur
791 3445 830 3487 ea
845 3433 954 3488 aetate
968 3444 1032 3510 qua
1044 3422 1211 3487 hominum
1219 3422 1351 3507 ingenia
1359 3443 1472 3486 rursus

326 3522 372 3587 ad
394 3533 608 3589 monumenta
627 3525 834 3611 antiquitatis
858 3547 900 3590 ex
920 3525 1063 3590 tenebris
1085 3525 1230 3589 eruenda
1244 3546 1284 3589 ao
1298 3522 1364 3589 luci
1379 3525 1471 3589 resti·

325 3625 451 3690 tuenda
465 3626 745 3708 accendebantur,
767 3626 807 3691 de
828 3625 901 3712 lege
916 3626 1229 3714 quamvisstudiose
1244 3625 1472 3710 investiganti-

395 3919 417 3987 1)
436 3917 562 3972 Adiciam
580 3920 671 3972 locum
690 3936 724 3972 ex
741 3918 875 3986 Savignyi
892 3919 966 3970 Hist.
984 3920 1035 3969 Iur.
1054 3933 1120 3970 rom.
1138 3915 1292 3969 medaevi
1309 3916 1337 3968 11
1354 3932 1380 3982 p.
1395 3917 1427 3968 ri
1444 3932 1470 3966 0.

327 4004 372 4057 ed.
391 4004 405 4056 I
423 4005 592 4070 descriptum
610 4009 687 4056 ‘ante
706 4021 806 4055 000001
825 4005 1001 4057 1011100101οω
1024 4007 1077 4074 aut.
1095 4003 1206 4054 circiter
1228 4001 1353 4052 dominus
1370 4001 1471 4052 Petrus
1578 4038 1580 4043 .

324 4091 360 4142 de
383 4089 496 4143 (1101100
519 4091 667 4148 coenobita
690 4094 751 4140 erat
771 4092 801 4139 10
825 4089 852 4143 S.
871 4089 1022 4141 Aemssiani
1046 4092 1078 4139 ut
1098 4091 1202 4139 vocant
1222 4087 1417 4138 monasterio.
1439 4121 1471 4140 ..

324 4177 486 4242 Reliquisse
503 4176 577 4227 hunc
588 4177 700 4226 Petrum
718 4175 799 4226 10.οο
810 4175 978 4226 monasterio
996 4174 1154 4224 nuntiatum
1172 4172 1251 4222 nobis
1264 4171 1319 4222 fuit
1330 4170 1471 4223 volumina

325 4260 381 4311 duo
393 4263 514 4328 “Leges
527 4261 680 4312 Gothorum
693 4264 721 4311 01
732 4261 864 4326 Regum”
882 4259 1026 4325 inscripta,
1040 4273 1154 4323 quorum
1166 4257 1242 4322 prius
1255 4255 1360 4316 LXIII,
1379 4259 1472 4322 poste-

325 4349 384 4396 rius
402 4363 469 4399 vero
488 4347 594 4398 LXVII
612 4346 752 4412 capitibus
770 4344 933 4395 absoletur.
969 4345 1002 4394 In
1019 4343 1155 4410 principio
1174 4341 1295 4407 elogium
1313 4342 1405 4407 posuit
1423 4355 1471 4391 00-

325 4436 390 4482 0101
406 4431 570 4498 legnm'XII
587 4432 746 4491 tabularum
763 4445 833 4495 quas
850 4432 944 4480 0101100
963 4429 1085 4479 carmine
1100 4428 1189 4478 latino
1207 4426 1431 4492 comprehendit.
1446 4465 1473 4478 ..

326 4518 423 4569 Codex
439 4533 507 4583 prae
525 4518 610 4568 nimia
627 4519 768 4569 vetustate
787 4515 895 4581 aliquot
912 4515 968 4564 1010
986 4513 1062 4566 101110
1080 4529 1135 4565 000
1147 4513 1250 4586 legilur
1263 4553 1270 4568 .
1284 4548 1311 4564 ..
1330 4511 1471 4563 Habemus

278 4629 282 4632 ·
323 4605 355 4654 id
373 4607 462 4654 101001
480 4619 514 4653 ex
530 4603 714 4654 1010110011)οε
732 4600 767 4653 ad
784 4617 833 4652 000
851 4601 942 4650 missis
955 4595 995 4650 ¹ab
1015 4598 1109 4650 eodem
1127 4598 1316 4649 monasterio!
1393 4611 1396 4616 ·

396 4686 418 4751 ²)
436 4704 481 4755 ap.
499 4689 682 4743 Heineccium
699 4687 812 4753 Iurispr.
830 4686 908 4736 Rom.
929 4689 958 4735 01
975 4684 1031 4734 Α11.
1051 4685 1065 4736 I
1082 4700 1108 4751 p.
1128 4685 1168 4735 67.

397 4771 418 4840 ³)
438 4774 475 4825 01.
493 4773 602 4829 Puchta
619 4773 688 4824 1001.
706 4773 720 4822 I
738 4787 764 4838 p.
784 4773 834 4823 192
850 4786 877 4821 0.
897 4768 923 4836 (ἕ
941 4767 994 4838 55).

1220 4850 1241 4920 2
1254 4854 1271 4896 ’t
