3709 5634
436 624 495 687 116
911 636 1050 687 ussum
1072 636 1095 687 1.

986 794 1017 857 3.

518 910 550 958 sl
572 910 713 959 MORBVS
736 910 932 958 AEVITASVE
954 853 1079 957 VITIV'M
1100 909 1216 976 ESCI'I',
1241 895 1317 977 [QVI
1340 909 1377 956 lu
1398 908 1577 957 11811001-

432 994 506 1077 BIT]
529 1010 713 1059 lVMEN'I'VM
735 1010 847 1058 DATO:
873 1012 904 1059 sl
926 1010 1060 1076 NOLET,
1081 1010 1249 1059 ARGERAM
1270 1011 1316 1058 NE
1339 1010 1523 1058 summo.

985 1114 1016 1176 4.

516 1230 672 1279 ADSIDVO
696 1232 829 1278 VINDEX
851 1232 1027 1280 ADsllivvs
1044 1231 1147 1297 EST03
1170 1231 1394 1279 PROLETARlO
1418 1232 1483 1278 ΙΑΜ
1506 1232 1578 1278 CIVI

431 1333 511 1392 QVIS
533 1333 649 1380 VOLET
671 1334 806 1379 VINDEX
828 1334 927 1382 ESTO.

432 1490 634 1498 ψ

429 1612 477 1655 cat
498 1607 582 1672 fugit,
605 1610 637 1655 ut
660 1607 701 1655 uit
718 1606 777 1659 Ser.
801 1606 963 1671 Sulpicius!
998 1606 1090 1657 Gloss.
1108 1607 1198 1657 Labb.
1221 1606 1355 1671 {pedem
1378 1609 1487 1657 struit
1509 1606 1578 1671 φεύ-

428 1696 489 1754 γει.’
524 1692 628 1742 Nouius
646 1692 702 1757 μθ
720 1690 893 1741 ‘caluitur
911 1691 1015 1740 dictum
1035 1696 1078 1741 est
1089 1692 1238 1741 frustratur
1255 1718 1286 1727 -
1305 1690 1465 1741 Lucilius
1485 1692 1577 1756 Salyr.

428 1776 476 1829 lib,
496 1776 591 1827 XVII:
610 1776 720 1831 sinon
743 1776 783 1837 it,
808 1776 940 1840 capito,
963 1775 1092 1839 iuquit,
1111 1791 1194 1837 eum,
1214 1779 1248 1825 et
1264 1775 1293 1824 si
1312 1774 1479 1834 caluitur,
1498 1792 1577 1841 ergo

426 1862 492 1911 Fur
505 1860 688 1911 dominum’
702 1859 790 1924 (Eudo
803 1875 911 1909 manum
924 1859 1009 1909 iaciio
1022 1861 1119 1917 Dousu,
1138 1860 1208 1909 endo
1225 1860 1299 1908 Fure
1316 1874 1429 1909 manum
1447 1861 1578 1926 Berqlcius

427 1948 453 1995 in
472 1948 541 1995 Anu.
560 1944 719 1995 Fleckeiseni
736 1948 772 1995 83
789 1962 817 2009 9.
836 1948 888 1995 132
907 1943 983 2014 noa).

496 2033 521 2080 3.
542 2029 651 2081 Gellius
669 2031 702 2080 N.
715 2028 748 2081 A.
765 2028 817 2077 XX
836 2031 860 2094 1,
878 2030 911 2079 24
923 2044 964 2093 sq.
984 2028 1049 2078 ‘Sed
1067 2044 1116 2078 cur
1132 2029 1184 2078 tibi
1203 2044 1264 2079 esse
1281 2029 1344 2077 uisa
1363 2035 1407 2078 est
1424 2029 1579 2080 inhumana

429 2113 474 2163 lex
493 2115 614 2164 omnium
631 2128 694 2163 mea
713 2110 823 2177 quidem
846 2114 986 2164 sententia
1008 2103 1221 2175 humanissima,
1245 2128 1318 2177 quac
1341 2113 1493 2163 iumentum
1515 2113 1579 2164 dari

428 2198 507 2247 iubet
525 2213 608 2264 aegro
627 2202 676 2247 aut
693 2198 754 2247 seni
771 2198 800 2246 in
818 2198 861 2248 ius
878 2199 998 2248 uocato?
1037 2196 1140 2263 [Verba
1158 2196 1310 2247 suni‘haec
1328 2197 1401 2263 legis
1420 2198 1461 2248 ‘si
1485 2199 1578 2249 iuius

427 2281 553 2347 uocato’]
584 2282 677 2332 Verba
700 2286 764 2332 sunt
787 2282 858 2331 haec
877 2281 993 2347 delego
1012 2283 1057 2333 ‘si
1076 2283 1110 2331 iu
1128 2284 1179 2332 ius
1196 2286 1315 2346 uocat,
1334 2283 1363 2332 si
1385 2283 1542 2336 morbus.
1556 2287 1577 2333 .’

427 2367 464 2420 cl,
483 2368 498 2427 5
518 2370 557 2416 ll.
577 2370 618 2418 27.
637 2368 747 2419 28—29.
782 2367 889 2418 Nouius
907 2384 935 2432 p.
953 2369 987 2417 55
1004 2365 1120 2417 ‘Arcera
1136 2366 1290 2433 plaustrum
1309 2371 1354 2416 est
1374 2368 1511 2418 rusticum
1533 2373 1577 2418 te·

428 2456 501 2500 ctum
519 2451 642 2515 undique
662 2452 742 2516 quasi
762 2468 828 2503 arca
842 2487 848 2501 .
863 2490 868 2501 .
883 2490 910 2507 ..
934 2453 987 2503 hoc
1006 2458 1098 2503 autem
1115 2452 1239 2502 uehiculi
1257 2466 1359 2515 genere
1377 2466 1462 2503 senes
1481 2457 1509 2503 et
1527 2469 1577 2503 ae-

425 2536 497 2600 groti
521 2536 752 2609 uectarinsoleni.
786 2538 893 2586 Varro
917 2535 1196 2587 Gerontodidascalo:
1221 2534 1382 2586 vehebatur
1403 2553 1467 2587 cum
1491 2553 1575 2587 uxore

423 2620 552 2671 uehiculo
575 2620 661 2671 semel
686 2625 734 2671 aul
755 2621 799 2671 bis
823 2637 909 2671 anuo:
934 2637 1006 2671 cum
1029 2636 1194 2685 arceram,
1218 2620 1248 2669 si
1269 2635 1335 2674 uon
1356 2620 1484 2685 uelles,
1508 2638 1576 2671 uon

424 2708 620 2755 sterneret)
655 2706 743 2756 Varro
761 2706 795 2756 de
813 2706 845 2759 L.
865 2707 898 2757 L.
916 2706 942 2756 V
961 2709 1009 2756 140
1027 2710 1069 2756 ‘ut
1086 2705 1150 2755 aliis
1169 2709 1212 2756 est
1230 2720 1328 2755 arcera
1346 2719 1420 2769 quae
1439 2707 1525 2756 etiam
1544 2708 1575 2756 iu

423 2790 478 2839 XII
490 2790 594 2841 tabulis
612 2791 786 2857 appellatur:
806 2791 879 2855 quod
892 2808 925 2842 ex
938 2790 1042 2841 tabulis
1054 2789 1212 2841 uehiculum
1225 2794 1287 2841 erat
1304 2790 1410 2841 iactum
1424 2788 1574 2857 (tectum)

422 2880 454 2925 ul
472 2892 552 2939 arca,
572 2892 670 2927 arcera
688 2876 815 2926 dicium’
841 2875 949 2925 Placidi
963 2875 1052 2927 Gloss.
1065 2876 1109 2925 Ill
1125 2892 1152 2940 p.
1164 2876 1215 2925 434
1226 2876 1265 2929 Μ.
1284 2879 1313 2925 et
1326 2875 1416 2931 Gloss.
1428 2876 1495 2926 Par.
1515 2875 1572 2941 (ap.

422 2960 459 3009 du
476 2961 612 3026 Caugium
631 2961 723 3011 Gloss.
742 2960 813 3011 med.
832 2966 860 3011 el
881 2961 931 3009 inf.
950 2960 1001 3009 lai.
1019 2976 1041 3013 s,
1058 2959 1096 3023 u.)
1120 2960 1236 3010 ‘Arcera
1253 2959 1411 3010 uehiculum
1436 2961 1467 3009 in
1488 2976 1571 3011 arcae

422 3044 529 3095 modum
542 3044 701 3107 confictum,
720 3059 774 3094 uon
786 3046 881 3110 utique
894 3046 1060 3110 plaustrum,
1079 3044 1108 3093 id
1125 3049 1168 3095 est
1186 3048 1313 3094 carrum)
1338 3044 1430 3095 Gloss.
1444 3046 1570 3111 Amplou.

421 3145 448 3193 p.
467 3116 564 3181 27411'.
583 3130 731 3180 1850eh1.
752 3131 867 3181 ‘Assera
885 3130 1040 3195 plaustrum
1057 3128 1217 3179 uehiculum
1234 3130 1393 3194 lignorum!

488 3218 515 3269 4,
533 3214 641 3265 Gellius
654 3216 717 3265 XVI
732 3218 801 3278 10‚5
818 3216 903 3265 ‘Nam
917 3216 951 3277 Q.
968 3214 1073 3264 Ennius
1086 3214 1202 3264 uerbum
1214 3215 1267 3263 hoc
1280 3230 1314 3264 cx
1325 3213 1472 3266 duodecim
1490 3219 1569 3268 tabu-

421 3298 456 3349 lis
478 3300 581 3348 uestris
606 3300 730 3365 accepit,
752 3300 912 3363 inquibus,
936 3300 961 3348 si
983 3302 1060 3349 recle
1079 3299 1266 3362 commemini,
1288 3299 1330 3349 ita
1352 3302 1490 3365 scriptum
1514 3308 1568 3353 est:

421 3382 579 3433 ‘Adsiduo
598 3421 605 3436 .
624 3422 631 3437 .
650 3386 668 3433 .’
704 3384 803 3435 Cicero
820 3384 890 3449 Top.
907 3386 938 3448 2,
958 3385 990 3433 10
1010 3384 1115 3445 ‘Quum
1140 3384 1185 3435 lex
1208 3384 1321 3434 assiduo
1341 3384 1483 3437 uindicem
1502 3389 1568 3438 assi·

481 3680 483 3686 ,
507 3641 535 3698 3.
559 3644 580 3697 si
598 3642 624 3697 in
640 3642 683 3698 ius
700 3638 791 3718 (unius
806 3636 884 3717 deq.)
902 3650 997 3706 uocat,
1021 3644 1044 3700 si
1065 3660 1102 3701 m.
1119 3643 1226 3700 Gellius
1237 3644 1324 3715 prob.
1347 3643 1476 3704 Valleno
1492 3648 1566 3705 Amr.

420 3727 466 3781 rei
476 3743 573 3797 yymn.
594 3728 692 3782 Austr.
716 3731 934 3799 18609519.
992 3729 1093 3794 mosib;
1109 3730 1180 3801 Req.
1203 3732 1255 3798 (id.
1276 3726 1357 3802 117)
1423 3735 1566 3796 ueuilusue

419 3812 517 3866 Peius.
542 3810 644 3867 Christ.
663 3815 719 3868 597
745 3810 951 3885 Moyliabeceli.
974 3814 1028 3870 ol:
1054 3816 1145 3870 ueuilu
1164 3830 1230 3869 susc
1258 3814 1338 3870 Voss.
1360 3818 1427 3871 mai.
1449 3826 1478 3877 el
1498 3821 1564 3874 miri.

400 3910 402 3913 ·
420 3898 492 3951 euilu
508 3914 556 3951 suu
572 3896 644 3968 Req.
704 3899 810 3953 uocusil
825 3892 964 3972 (uocsssii)
982 3899 1083 3955 Editor
1097 3898 1165 3954 XII
1176 3901 1235 3955 lab.
1251 3915 1338 3955 ouon.
1353 3900 1423 3958 Ven.
1439 3907 1518 3958 1525
1529 3906 1565 3960 ol.

427 3981 525 4035 Verba.
535 3983 582 4054 qui
597 4012 639 4020 ——
654 3980 765 4039 uocabit
779 3984 891 4038 seclusi.
955 3982 1018 4038 dato
1034 3984 1076 4039 siu
1092 4000 1140 4039 ore
1155 3991 1199 4039 ter
1213 4002 1306 4040 cenam
1328 4001 1362 4041 ue
1378 3985 1453 4059 Req.
1520 4006 1565 4045 ue·

417 4066 544 4122 sternito
560 4064 594 4137 (il
609 4081 648 4121 ex
663 4064 752 4138 corr.)
775 4066 854 4122 Voss.
870 4067 937 4122 mire.
953 4096 993 4107 —
1008 4065 1037 4123 4.
1060 4068 1182 4124 Adsiduo
1193 4068 1264 4142 Req.
1285 4070 1363 4126 Voss.
1375 4074 1444 4128 moi.
1460 4080 1490 4129 el
1501 4077 1564 4130 min.

417 4150 457 4203 Ad
478 4151 501 4204 si
527 4150 582 4206 duo
603 4150 759 4207 SGermun.
818 4151 946 4225 adsiduus
965 4151 1037 4224 Req.
1066 4152 1145 4209 Voss.
1166 4158 1249 4211 moi:
1269 4172 1321 4211 ass.
1342 4156 1380 4210 ul.
1447 4167 1493 4214 esi
1512 4158 1557 4231 (ᾤ

417 4232 510 4304 1199..
546 4235 679 4291 olealorio
702 4236 780 4292 Voss.
794 4239 859 4291 moi.
917 4238 1036 4292 iumciui
1049 4237 1121 4309 Req.
1140 4237 1312 4295 Vossinui:
1328 4256 1381 4295 om.
1396 4246 1449 4299 etl.
1503 4244 1564 4317 quis

418 4317 494 4372 uolet
508 4321 625 4389 scripsi:
641 4321 684 4375 cui
700 4322 761 4393 quis
776 4320 853 4375 uolet
869 4318 952 4376 Gellii
964 4322 1030 4377 libri
1049 4324 1092 4377 cui
1114 4323 1205 4395 quiuis
1220 4341 1248 4381 ιι.
1265 4324 1419 4396 Scioppius
1443 4327 1564 4384 Ursinus

418 4416 458 4455 eu
473 4408 526 4459 uel.
541 4404 603 4457 eod.
619 4405 656 4471 (i)
680 4406 733 4459 ciui
747 4406 838 4477 quiuis
850 4422 877 4459 u.
890 4405 1031 4461 liiuullius
1045 4408 1081 4461 ol.
1105 4409 1201 4482 quiqui
1213 4427 1241 4465 u.
1254 4410 1477 4468 Riilersliusius.
1502 4415 1563 4487 quei
1609 4445 1618 4455 ·

419 4485 494 4540 uolet
514 4486 705 4543 Mommsenus
724 4490 759 4543 de
774 4490 904 4544 tribrrbus
918 4506 989 4546 rom.
1005 4507 1034 4560 p.
1053 4496 1150 4547 11411.
1169 4498 1230 4549 101.
1253 4512 1295 4568 pr.
1311 4497 1363 4550 iam
1380 4497 1479 4570 quiqui
1495 4499 1561 4553 ciuis

419 4586 445 4623 ιι.
468 4568 499 4623 0.
516 4570 673 4627 Muellerus
692 4574 721 4627 in
741 4572 816 4627 Mus.
838 4574 920 4632 rhen.
940 4578 997 4631 iur.
1022 4575 1047 4631 V
1056 4593 1089 4647 p.
1106 4580 1167 4633 192.
1230 4588 1273 4634 est
1294 4575 1399 4655 (4212.)
1424 4584 1560 4656 opeiimus

418 4648 466 4725 (eu
482 4654 549 4710 eslo'
565 4652 694 4730 Petimus)
728 4657 795 4729 1119.
819 4657 897 4716 Voss.
913 4661 979 4716 mai.
