3709 5634
379 610 418 675 14
668 653 673 660 -
804 623 916 674 osrvr
938 622 1085 675 return.

377 780 438 846 Ille
459 781 545 845 enim
560 780 789 867 perspicuitati
805 780 940 844 studens
955 781 990 844 in
1005 801 1099 844 suum
1114 801 1210 843 usum
1226 767 1388 845 convertit
1402 774 1521 865 legem,

377 904 443 948 non
458 884 552 947 citat:
570 882 657 947 sicut
671 881 751 947 alibi
767 902 895 967 quoque
908 879 953 944 ad
968 902 1041 944 eam
1052 881 1184 967 respicit
1198 879 1288 947 fonte
1300 903 1367 946 non
1376 880 1523 946 indicato

379 983 436 1068 (cf.
453 984 488 1048 II
506 985 562 1065 13,
580 983 620 1046 19
634 1012 677 1038 =
691 983 710 1046 I
726 985 759 1066 13
773 983 816 1046 20
831 1011 872 1036 =
887 983 904 1046 I
919 983 939 1046 3
956 989 989 1046 et
1002 983 1037 1066 6)
1053 1021 1095 1030 -
1110 1004 1151 1046 ne
1171 983 1205 1047 id
1221 1003 1472 1048 commemorem
1487 983 1523 1046 in

361 1085 464 1150 ‘libro
491 1083 703 1151 celeberrimo
730 1106 789 1170 per
813 1091 918 1149 totum
942 1083 1086 1149 medium
1116 1105 1235 1150 aevum
1264 1085 1415 1151 manibus
1441 1086 1522 1150 trito

377 1187 472 1274 plura
493 1186 619 1272 antiqui
639 1186 798 1251 sermonis
821 1186 963 1271 vestigia
987 1187 1052 1250 iam
1072 1195 1149 1251 ante
1169 1195 1356 1253 nostrorum
1372 1186 1523 1252 codicum

378 1291 570 1354 memoriam
585 1287 731 1353 extincta
745 1287 889 1371 fuisse.¹)
903 1325 947 1335 -
969 1287 1076 1353 Aliter
1098 1310 1178 1352 sane
1198 1309 1251 1353 res
1268 1311 1303 1354 se
1317 1287 1417 1354 habet
1431 1286 1522 1375 apud

377 1527 417 1580 XI
435 1530 477 1592 14)
496 1529 659 1580 adversatur
675 1527 848 1593 Boeclringio
866 1525 994 1591 ‘familia’
1014 1527 1078 1578 inde
1096 1529 1150 1594 ipsi
1162 1527 1283 1595 Ulpiano
1295 1529 1460 1580 restituenti.
1485 1529 1523 1578 At

377 1615 450 1681 quod
467 1615 631 1666 alterutrum
648 1613 739 1664 omitti
756 1627 791 1663 ex
807 1629 837 1663 re
855 1613 943 1663 fuisse
960 1616 1137 1679 utrorumque
1156 1615 1269 1676 statuit,
1290 1617 1318 1664 et
1329 1614 1443 1664 nimium
1460 1629 1522 1679 pro-

375 1701 427 1752 bat
444 1705 474 1750 et
490 1716 587 1766 parum
606 1699 730 1764 explicat
747 1697 995 1749 iureconsultorum
1009 1698 1257 1764 conspirationem,
1278 1715 1311 1750 ex
1324 1699 1424 1764 quibus
1437 1699 1521 1750 Paul·

376 1785 432 1836 lum
449 1802 484 1838 ne
502 1786 595 1851 legere
615 1783 725 1848 quidem
740 1784 864 1850 potuisse
876 1784 995 1848 ‘familia’
1009 1800 1043 1835 ex
1055 1784 1210 1834 sententiae
1222 1783 1330 1834 ratione
1343 1785 1521 1834 manifestum

378 1877 428 1924 est.
468 1873 539 1921 Tum
562 1869 698 1920 familiam
722 1869 794 1933 qnod
819 1869 923 1934 accipit
945 1868 979 1919 de
1003 1868 1180 1920 successione
1204 1873 1233 1918 et
1260 1869 1289 1918 in
1311 1870 1522 1919 universitatem

377 1956 561 2022 acquisitione
581 1955 629 2018 (cf.
650 1955 734 2004 etiam
752 1953 829 2004 stud.
847 1955 897 2004 ior.
916 1969 982 2006 rom.
1001 1970 1027 2019 p.
1046 1955 1104 2004 248.
1123 1951 1522 2020 BoeclringiusPand.p.162

376 2043 484 2104 542⁰),
506 2056 539 2092 eo
563 2053 646 2090 sensu
667 2053 766 2090 vereor
790 2043 822 2088 nt
844 2038 992 2090 secundum
1018 2039 1086 2088 iuris
1112 2039 1234 2088 rationes
1262 2043 1326 2104 apte
1355 2039 1411 2088 dici
1436 2038 1523 2089 liceat

376 2131 474 2194 ‘lepore
492 2141 575 2191 super
590 2123 722 2192 familia!
758 2123 812 2175 Sed
834 2138 946 2189 prorsus
971 2123 1066 2174 eodem
1088 2122 1167 2173 modo
1190 2123 1284 2175 rhetor
1306 2123 1335 2172 in
1358 2123 1420 2188 Iege
1439 2138 1522 2189 quam

376 2213 472 2263 statim
490 2211 567 2260 addit
584 2211 620 2260 ‘si
633 2210 821 2274 paterfamilias
838 2211 958 2260 intestato
969 2211 1088 2273 momine,
1106 2211 1234 2274 familia
1250 2210 1449 2274 pecuniaque
1467 2211 1523 2260 eiua

376 2301 513 2363 adquorum
527 2281 704 2361 {laetitiamque
727 2296 792 2346 esto’
809 2319 845 2330 -
865 2295 895 2344 in
911 2293 967 2345 XII
991 2300 1033 2346 est
1055 2297 1194 2360 ‘adpnalus
1214 2297 1348 2360 proximus
1367 2295 1522 2358 familiam

377 2384 478 2435 habete'
503 2385 531 2430 et
553 2381 670 2445 ‘perutiles
689 2379 841 2443 familiam
864 2380 983 2444 tabeato'
1001 2405 1036 2416 -
1056 2381 1147 2430 iunxit
1165 2381 1273 2444 ‘familia
1294 2381 1463 2446 pecuniaque’
1487 2397 1522 2430 ex

377 2466 536 2532 frequentia
554 2464 717 2530 posterioris
735 2479 812 2527 usus,
833 2464 923 2529 qualis
936 2466 991 2514 iam
1004 2470 1121 2532 apparet
1133 2467 1161 2514 in
1174 2465 1389 2530 mancipationis
1402 2457 1522 2516 formula

377 2552 452 2618 apud
475 2551 575 2602 Gaium
593 2547 621 2598 ΙΙ
644 2549 692 2598 104
715 2549 851 2610 ‘familiam
871 2551 1053 2616 pecuniamque
1076 2557 1144 2600 tuam
1166 2553 1231 2602 endo
1254 2553 1398 2600 mandatam
1419 2555 1522 2601 tutelam

376 2638 578 2702 custodelamque
595 2637 684 2684 meom’
703 2649 726 2686 e.
746 2649 772 2698 q.
791 2646 812 2684 s.
832 2634 869 2684 cf.
889 2633 999 2685 Gellius
1017 2635 1030 2684 I
1048 2639 1073 2699 9,
1093 2637 1133 2687 12.
1159 2636 1247 2698 1124,
1267 2637 1309 2688 12.
1334 2635 1399 2687 XVI
1418 2639 1460 2699 10,
1479 2639 1520 2687 11.

376 2725 480 2775 Festus
501 2737 527 2773 v.
550 2724 687 2772 sacratae.
715 2718 863 2770 Suetonius
885 2719 958 2770 Nero
979 2721 996 2768 t
1020 2719 1071 2773 al.:
1093 2720 1141 2772 ubi
1163 2720 1235 2786 quod
1259 2719 1363 2786 duplici
1384 2722 1522 2773 vocabulo

378 2807 539 2874 exprimitur
555 2831 589 2842 —
606 2805 662 2859 vid.
680 2805 766 2856 Inscr.
786 2804 864 2856 Grut.
882 2819 908 2869 p.
927 2805 977 2855 636
995 2819 1020 2855 n.
1041 2807 1056 2855 9
1075 2807 1205 2868 ‘fertilium
1222 2809 1363 2856 manuuasr't
1376 2801 1521 2871 pecuniam-

377 2909 450 2960 que.
470 2895 542 2946 ...'
565 2917 599 2928 —
622 2889 650 2940 id
673 2890 734 2941 sola
757 2889 924 2956 pecuniae
947 2895 1058 2941 notione
1082 2891 1110 2940 in
1132 2891 1186 2941 XII
1209 2892 1435 2957 comprehensum
1458 2907 1521 2942 esse

376 2979 485 3030 Plinius
502 2977 583 3027 docet
600 2976 666 3025 XXI
683 2977 708 3037 5,
727 2977 752 3026 7.
784 2975 820 3028 cf.
840 2975 909 3028 rab.
923 2975 948 3025 V
967 2978 982 3026 7
1001 2977 1036 3026 ‘si
1049 2977 1164 3040 furiosus
1182 2978 1245 3027 escit
1263 3002 1295 3012 —
1314 2979 1449 3042 adparatum
1459 2994 1522 3044 pen-

377 3066 503 3129 tiliumque
520 3065 547 3112 in
564 3077 594 3112 eo
609 3053 810 3125 pecuniaque
828 3062 882 3110 eius
897 3069 1013 3126 potestas
1036 3064 1118 3124 esto',
1136 3061 1184 3111 ubi
1203 3062 1330 3124 ‘familia'
1350 3064 1379 3112 in
1402 3061 1522 3114 deterio-

376 3149 453 3199 ribus
471 3146 578 3211 aliquot
595 3144 674 3196 libris
691 3144 885 3211 interpolatur.
963 3145 974 3211 J

445 3230 466 3296 1)
483 3233 529 3282 Ita
540 3232 555 3282 1
567 3233 609 3295 13,
626 3233 659 3283 23
677 3233 713 3282 ‘ri
726 3233 841 3294 furiosus
857 3234 993 3282 eaeistet'
1012 3234 1041 3282 in
1059 3232 1169 3298 optimis
1187 3233 1264 3284 libris
1282 3218 1440 3300 corruptum
1459 3251 1520 3286 esse

378 3334 411 3368 cx
430 3318 505 3380 ‘sifi
523 3318 620 3368 esctt‘
638 3315 719 3366 fidem
737 3315 808 3365 facit
826 3315 969 3367 Ciceronis
990 3317 1112 3368 imitatio
1134 3317 1197 3384 ipsa
1221 3333 1328 3384 quoque
1356 3323 1521 3372 correctoris

376 3418 487 3452 manum
506 3405 619 3466 experta
637 3403 713 3466 ‘sifi
731 3402 809 3450 erit’
829 3400 876 3464 (cf.
894 3403 999 3452 Paulus
1017 3402 1085 3455 Ero.
1105 3419 1139 3453 ex
1155 3403 1243 3454 Festo
1260 3421 1287 3471 p.
1306 3407 1338 3456 77
1358 3408 1428 3457 escit
1446 3407 1520 3471 ortt).

376 3488 414 3538 ib.
433 3488 576 3552 ‘repascat’
596 3485 674 3536 codd.
693 3485 822 3536 Rhetoris
841 3502 889 3551 pro
907 3489 1033 3553 ‘tepescit’
1051 3489 1080 3537 in
1097 3471 1239 3540 Ciceronis
1251 3489 1380 3540 Parisino
1398 3497 1519 3544 servato.

375 3573 404 3623 11
424 3575 463 3631 13,
481 3573 515 3622 20
533 3586 567 3620 ex
583 3571 725 3621 Prisciano
743 3570 851 3621 demum
868 3571 882 3620 I
899 3588 925 3637 p.
940 3575 990 3623 523
1007 3573 1042 3623 H.
1061 3587 1129 3624 vera
1146 3573 1230 3626 lectio
1249 3580 1313 3626 ‘rem
1330 3575 1373 3626 ubi
1388 3579 1519 3644 papuut'

376 3657 449 3708 male
467 3659 626 3721 contempta
644 3672 661 3705 a
673 3657 797 3721 Kaysero
815 3656 843 3705 in
860 3657 1031 3708 recentiores
1050 3659 1181 3722 quosdam
1199 3659 1285 3711 libros
1303 3662 1383 3713 Rhet.
1397 3664 1519 3728 transiit,
1617 3705 1619 3709 .

377 3759 437 3793 cum
456 3742 675 3808 praestantiores
691 3741 817 3791 unanimi
839 3757 975 3792 consensu
998 3747 1128 3793 tueantur
1152 3746 1350 3798 correctionem
1368 3751 1520 3813 ‘paciscun-

376 3830 438 3880 tur’.
474 3829 507 3878 In
526 3827 588 3878 aliis
606 3830 701 3877 autem
719 3827 835 3896 aliorum
855 3831 999 3878 auctorum
1017 3827 1086 3879 locis
1104 3829 1163 3880 iure
1183 3831 1306 3897 dubites,
1325 3836 1415 3884 utrum
1433 3834 1518 3884 libra·

376 3915 411 3963 rii
428 3913 527 3964 vitium
546 3927 582 3962 an
599 3912 688 3978 ipsius
706 3912 850 3978 scriptoris
874 3927 1020 3976 agnoscas.
1056 3912 1140 3964 Cuius
1164 3919 1274 3980 generis
1298 3923 1340 3968 est
1358 3920 1454 3969 ‘sotis
1476 3935 1518 3970 oc-

376 4001 460 4049 cusus’
480 3997 553 4064 apud
569 3999 722 4049 Varronem
741 3995 807 4061 (bis)
825 3997 941 4046 Festum
959 3997 1140 4048 Censorinum
1158 4001 1329 4052 Macrobinm
1343 4003 1384 4066 (Τ.
1398 4003 1452 4070 19)
1470 4021 1519 4070 pro

376 4087 437 4136 ‘sol
452 4085 572 4135 occorus’.
588 4082 661 4147 quod
682 4083 781 4132 nititur
798 4081 900 4132 diserto
919 4081 1005 4132 Gellii
1026 4085 1191 4152 testimonio.
1227 4087 1399 4152 Quamquam
1424 4091 1519 4140 nescio

376 4183 413 4219 an
429 4172 577 4234 peccatum
594 4169 624 4218 in
642 4167 719 4218 codd.
737 4167 828 4232 potius
845 4168 944 4216 innuat
962 4155 1033 4233 quod
1051 4171 1174 4234 sequitur
1192 4172 1264 4237 apud
1277 4172 1455 4224 Censorinum
1473 4179 1521 4226 ‘od

375 4257 472 4304 solem
488 4255 631 4304 occasum’:
648 4259 680 4302 ut
697 4252 742 4304 vel
760 4253 824 4302 hino
842 4264 938 4315 parum
957 4255 1160 4305 commendetur
1172 4256 1287 4322 Bergkii
1306 4259 1377 4309 ratIo
1396 4262 1443 4324 qui
1456 4277 1518 4310 con-

375 4343 479 4405 tempto
498 4338 589 4390 Gellio
606 4340 689 4390 ‘solu’
708 4339 821 4404 agnovit
844 4342 988 4403 antiquum
1011 4339 1208 4392 nominativum
1232 4343 1327 4406 quales
1350 4351 1415 4394 sunt
1433 4343 1519 4396 ‘me'r·
1583 4388 1587 4397 .

376 4424 442 4487 cis’‚
462 4425 577 4474 ‘mentis
585 4427 603 4484 ²,
622 4425 736 4488 ‘Iovis',
756 4423 856 4482 ‘sale'‚
874 4424 981 4476 ‘lacte’
1001 4424 1038 4478 al.
1058 4422 1128 4487 (Iud.
1148 4425 1213 4476 Hal.
1233 4429 1518 4495 receptisque.

374 4507 553 4560 Fleckeiseni
570 4508 670 4560 Annal.
689 4511 754 4560 1861
772 4524 799 4574 p.
817 4507 941 4573 6031-
959 4508 1064 4560 Contra
1083 4525 1132 4574 pro
1152 4516 1227 4562 certo
1245 4512 1336 4564 habeo
1355 4517 1429 4566 ‘diei’
1448 4516 1519 4581 qood

375 4599 439 4660 post
455 4596 582 4646 ‘vemens’
601 4593 689 4644 altero
701 4594 834 4645 Varronis
851 4593 913 4645 loco
932 4597 984 4647 VH
1002 4597 1034 4646 ot
1053 4595 1113 4646 cod.
1131 4596 1231 4648 inserit
1248 4625 1282 4634 —
1299 4615 1363 4651 nam
1381 4601 1454 4667 apud
1466 4602 1518 4652 Fe·

376 4685 449 4731 stum
467 4680 569 4730 iniuria
586 4678 730 4746 suppletur
746 4704 782 4717 -
797 4696 852 4732 non
872 4695 932 4732 esse
952 4697 968 4730 a
986 4681 1109 4732 Varrone
1127 4680 1288 4748 profectum.
