3709 5634
425 659 473 706 nu
495 659 547 705 x11
570 658 782 706 rsauusavu
805 659 984 719 ususqvus
1007 660 1295 709 oonsmrvnsms.
1392 646 1435 709 95

291 836 322 899 p.
338 813 380 879 88
396 816 548 889 ‘sciantur
561 819 656 877 multu
667 816 794 890 farctur'
812 821 844 877 et
859 812 912 879 Gl.
927 814 1034 880 Labb.
1054 818 1153 892 ‘fater
1172 817 1432 893 dololorem!

290 916 441 1003 Denique
454 914 503 980 illi
517 938 615 1002 quam
636 917 777 980 eruimus
793 915 917 981 formae
934 915 1055 1004 oppido
1071 918 1224 983 convenit
1246 940 1341 985 oscus
1362 920 1433 984 infi-

289 1018 415 1083 nitivus
432 1021 566 1095 ‘fatiam’
582 1019 616 1082 in
636 1014 759 1082 lamina
778 1015 934 1103 plumbea
949 1016 1082 1104 Capuae
1096 1042 1201 1106 nuper
1221 1029 1352 1106 reperta
1366 1030 1433 1086 eta

289 1119 488 1186 Minervinio
504 1118 742 1206 Ball-Neapol.
759 1142 835 1185 nov.
852 1142 913 1185 ser.
931 1120 963 1183 V
978 1142 1010 1206 p.
1029 1122 1090 1186 100
1109 1131 1131 1186 t.
1149 1121 1235 1187 VIII
1248 1122 1431 1208 publicata:

290 1244 386 1311 quem
410 1244 484 1287 oum
505 1222 639 1287 ‘fateri'
660 1220 823 1288 infinitivo
844 1221 1027 1287 Corssenus
1053 1225 1234 1310 composuit
1254 1224 1289 1288 in
1308 1224 1435 1289 Kuhnii

290 1325 409 1390 Annal.
440 1324 519 1411 ling.
551 1346 656 1411 comp.
686 1323 739 1387 XI
765 1346 797 1409 p.
823 1323 896 1389 344.
934 1324 1028 1389 Idem
1057 1346 1130 1389 cum
1159 1326 1193 1389 in
1220 1324 1334 1411 Symb.
1361 1326 1433 1391 crit.

289 1448 321 1514 p.
339 1428 380 1493 75
395 1422 468 1514 sqq.
482 1427 525 1493 of.
542 1426 660 1492 Philol.
675 1426 822 1491 >IX-732
838 1448 886 1512 sq.
902 1423 1205 1492 eorumverborum
1221 1438 1433 1513 conspectum

290 1538 402 1615 ageret
427 1529 462 1593 in
487 1530 605 1617 quibus
627 1528 783 1593 suffixum
803 1528 863 1592 ‘ti'
886 1538 1044 1614 appareat
1065 1528 1160 1615 stirpi
1180 1528 1364 1610 adiectum,
1391 1553 1435 1595 ex

290 1640 407 1717 quarta
427 1632 570 1695 maxime
597 1631 825 1716 coniugatione
852 1630 974 1697 nubem
999 1629 1222 1717 exemplorum
1248 1630 1374 1713 attulit,
1396 1642 1434 1697 ut

291 1733 428 1816 ‘antire’,
445 1733 581 1815 ‘futire'‚
599 1734 719 1819 ‘potiri'
735 1732 790 1814 al,
806 1732 946 1819 primam
962 1755 1027 1798 non
1042 1733 1162 1818 tetigit.
1193 1734 1239 1797 At
1259 1755 1301 1798 ne
1316 1755 1358 1798 ex
1372 1734 1434 1799 hac

290 1834 422 1923 quidem
437 1835 555 1900 desunt
572 1845 703 1922 praeter
721 1834 892 1911 ‘fa-ti-or'‚
914 1835 1098 1938 ‘infi-ti-or'
1120 1833 1286 1921 exempla:
1314 1836 1433 1920 quibus

290 1937 465 2003 finitimum
481 1947 531 2003 est
547 1938 721 2023 ‘spatior'
738 1959 780 2002 ex
795 1937 906 2001 radice
925 1944 1021 2023 ‘spa'‚
1036 1959 1085 2022 gr.
1103 1938 1219 2003 (πά-ω
1227 1985 1237 2019 ,
1253 1936 1294 2001 de
1309 1959 1375 2021 qua
1389 1936 1434 2001 cf.

291 2040 332 2105 G.
350 2039 483 2105 Curtius
505 2038 617 2127 Etym.
634 2040 694 2107 Gr.
716 2041 733 2105 I
754 2063 786 2127 p.
803 2038 875 2104 354.
914 2038 1010 2103 Idem
1030 2048 1141 2104 autem
1161 2078 1204 2089 —
1223 2061 1300 2104 nam
1321 2039 1363 2104 de
1384 2061 1434 2103 sa·

290 2141 397 2207 tiandi
416 2142 517 2209 verbo
540 2142 622 2207 nihil
638 2142 812 2207 decernere
827 2141 932 2206 ausim
946 2179 989 2223 .··
1003 2141 1038 2226 in
1053 2142 1229 2207 ‘vi-ti-o’
1246 2162 1434 2228 comparere

290 2244 456 2330 suspicor:
479 2243 620 2309 ‘vitium’
637 2244 723 2308 enim
739 2254 772 2309 et
787 2243 892 2309 ‘vitio'
908 2244 967 2307 vix
982 2234 1034 2309 est
1048 2266 1111 2330 quo
1127 2242 1332 2331 probabilius
1353 2243 1434 2308 refe-

289 2355 383 2411 ratur
397 2367 496 2433 quam
508 2345 551 2409 ad
566 2347 736 2433 antiquum
747 2346 826 2411 ‘vio’
841 2345 898 2431 (cf.
910 2346 1045 2428 uri-men,
1060 2347 1168 2429 vi-tis)
1180 2370 1206 2411 s.
1221 2348 1331 2428 ‘vieo’‚
1347 2345 1434 2432 quod

290 2447 415 2533 ligandi
426 2459 459 2513 et
470 2449 635 2535 plectendi
646 2450 814 2514 notionem
825 2448 936 2529 habet,
949 2448 1037 2512 unde
1049 2448 1181 2514 ‘vietus’
1193 2458 1244 2513 est
1255 2448 1434 2530 inflexus,

291 2549 488 2615 ‘flaccidus':
508 2557 580 2616 ‘vita
595 2556 730 2616 detritus'
746 2549 891 2637 explicat
906 2550 1051 2615 Thomae
1067 2550 1167 2615 Thes.
1182 2572 1215 2636 p.
1226 2550 1289 2614 622
1304 2550 1346 2613 cf.
1359 2550 1432 2614 596.

290 2652 353 2717 628
363 2652 411 2717 Μ.
427 2653 543 2741 Itaque
560 2654 729 2719 ‘vitium'
742 2653 877 2740 proprie
892 2675 958 2719 non
973 2651 1137 2736 significat
1150 2651 1279 2738 lapsum
1294 2662 1352 2716 aut
1366 2652 1435 2717 vio-

290 2754 464 2838 lationem,
487 2754 546 2820 sed
571 2754 839 2842 impedimentum
864 2754 976 2841 potius
1001 2763 1034 2819 et
1053 2753 1131 2819 inde
1151 2752 1317 2841 quoddam
1338 2775 1434 2817 exou-

291 2856 386 2922 sandi
417 2868 630 2924 momentum.
679 2860 789 2945 Atque
821 2858 883 2922 hac
913 2860 987 2943 ipsa
1012 2856 1252 2941 significatione
1278 2856 1436 2942 primaria

290 2961 423 3047 ponitur
437 2961 472 3024 in
487 2960 558 3046 lege
574 2961 591 3024 I
606 2962 626 3025 3
643 2967 682 3024 ‘si
694 2965 813 3025 morbus
827 2967 976 3024 aevitasve
997 2968 1033 3024 vi
1038 2971 1050 3023 t
1055 2966 1124 3023 ium
1139 2964 1239 3040 θεοῖν,
1259 2959 1318 3024 ubi
1333 2958 1434 3024 edito·

291 3084 364 3127 rum
380 3062 587 3150 quorundam
601 3072 821 3129 commentum
837 3069 1009 3128 ‘vitiumve'
1031 3062 1096 3148 ipsi
1110 3061 1245 3144 Hugoni
1260 3062 1436 3147 probatum

291 3187 370 3229 vero
386 3160 578 3250 argumento
594 3189 672 3230 usus
688 3165 874 3230 Dirksenus
890 3164 1005 3229 reiecit
1019 3188 1051 3251 p.
1070 3163 1140 3228 150.
1170 3162 1243 3243 Quo
1258 3163 1362 3247 magis
1378 3165 1435 3227 mi-

290 3288 345 3330 ror
358 3288 464 3353 neque
479 3267 684 3333 Dirksenum
698 3289 804 3354 neque
819 3266 1036 3332 recentiorum
1050 3286 1246 3353 quemquam
1261 3287 1299 3330 eo
1314 3266 1386 3352 ipso
1401 3266 1435 3329 in

291 3368 354 3433 alio
369 3367 440 3437 loco
457 3368 671 3436 diiudicanda
688 3392 784 3434 usum
799 3390 887 3451 esse,
910 3370 963 3433 cui
978 3368 1103 3433 dudum
1122 3369 1205 3434 bene
1226 3366 1436 3433 consuluerat

292 3470 456 3535 Cuiacius.
479 3470 629 3558 Namque
644 3472 679 3537 II
694 3472 715 3537 2
730 3494 804 3536 oum
818 3480 894 3557 post
908 3472 1015 3538 morbi
1030 3470 1148 3536 sontici
1163 3470 1364 3557 aliarumque
1379 3492 1435 3534 ex·

292 3572 429 3637 cusandi
444 3594 633 3639 caussarum
649 3576 849 3641 mentionem
864 3584 1021 3659 sequatur
1034 3577 1120 3653 ‘quid
1133 3578 1238 3637 imvm
1254 3594 1362 3637 unum
1375 3577 1438 3650 srvit

292 3680 386 3741 iudici
405 3680 554 3741 arbitrove
574 3696 673 3754 reove,
699 3696 734 3741 ea
753 3682 817 3742 dies
832 3681 979 3755 diffensus
993 3684 1070 3741 esto'
1093 3674 1195 3759 (Fest.
1217 3698 1249 3762 p.
1265 3676 1354 3760 273),
1375 3697 1435 3761 pro

294 3785 409 3843 ‘uuum'
425 3777 513 3865 quod
526 3800 568 3843 ne
584 3778 742 3867 explicari
762 3780 896 3867 quidem
917 3789 993 3865 apte
1008 3787 1133 3863 potest,
1149 3777 1318 3841 lenissima
1331 3788 1436 3842 muta-

293 3880 382 3946 tione
394 3880 547 3945 Ouiaoius
560 3882 648 3969 quod
663 3883 825 3947 sententia
833 3880 962 3966 flagitat
977 3880 1123 3945 restituit
1137 3885 1302 3943 ‘uitium'
1326 3879 1437 3959 Quam

293 3982 555 4048 emendationem
569 3982 690 4050 Ursino
705 3984 867 4050 immerito
883 3984 1029 4049 tribuens
1046 3981 1181 4066 sprevit,
1196 4003 1263 4046 non
1277 3980 1437 4045 refutavit

294 4084 334 4149 Ο.
349 4083 541 4169 Muellerus,
559 4108 634 4151 oum
648 4086 868 4173 praecessisse
883 4086 1013 4150 iustas
1035 4085 1262 4149 excusationes
1278 4092 1434 4148 moneret.

294 4189 404 4274 Atque
419 4187 662 4253 observandum
678 4200 727 4255 est
747 4190 782 4254 in
802 4188 1010 4254 iureiurando
1033 4186 1167 4251 militari
1188 4185 1276 4271 apud
1291 4182 1436 4249 Gellium

294 4289 380 4353 XVI
394 4289 426 4372 4,
442 4290 464 4353 4
478 4289 558 4355 haec
572 4291 620 4357 ita
640 4290 736 4356 reddi
757 4297 829 4355 ‘uisi
847 4296 981 4356 harunce
1000 4310 1078 4371 quae
1092 4292 1229 4353 c'aucsa
1248 4295 1322 4352 erit:
1340 4291 1437 4363 suricis

293 4394 450 4467 familiare
468 4396 606 4469 feriaeve
626 4399 776 4459 clericales
792 4440 800 4458 .
817 4441 824 4458 .
842 4443 849 4459 .
872 4398 991 4458 muita
1010 4400 1137 4457 sonticus
1157 4398 1360 4470 auspiciumve
1376 4440 1383 4455 .
1401 4437 1434 4455 ..

294 4504 388 4559 status
402 4499 592 4561 condictusve
607 4502 671 4561 dies
685 4517 752 4562 cum
766 4501 863 4561 hoste:
877 4504 905 4561 si
917 4504 968 4561 cui
981 4516 1082 4560 eorum
1093 4500 1229 4559 harunce
1239 4514 1316 4571 quac
1327 4514 1436 4557 caussa

295 4603 365 4671 erit,
382 4608 443 4661 tvm
460 4645 467 4661 .
485 4645 494 4663 .
511 4605 532 4662 .’
547 4620 681 4686 prorsus
696 4608 734 4664 ut
748 4600 845 4663 Auct.
867 4599 910 4663 ad
925 4599 1070 4663 Herenn.
1087 4596 1202 4663 scribit
1216 4595 1252 4659 ΙΙ
1270 4597 1325 4678 13,
1341 4595 1384 4658 20
1398 4602 1438 4657 ‘ct

295 4707 345 4765 cui
359 4705 476 4764 marim
490 4721 606 4764 causa
621 4710 690 4783 est',
706 4701 783 4766 item
800 4700 913 4765 Cicero
929 4700 970 4766 de
985 4698 1049 4785 leg.
1066 4699 1165 4783 1114,
1184 4701 1221 4763 11
1240 4706 1372 4763 ‘senator
1386 4703 1438 4776 qui
