3709 5634
420 606 480 671 104
837 619 949 667 onrvr
972 619 1150 681 ovrnrvu.

419 781 676 864 ‘usum-rapere’
693 784 897 861 -praestat
920 774 1036 862 opinor
1051 779 1315 863 ‘usum-rupere'
1337 775 1399 840 etsi
1419 775 1463 840 ad
1478 773 1564 839 idem

419 889 519 967 caput
536 877 623 947 redit
638 915 679 926 —
694 876 780 943 unde
801 878 927 943 factum
941 877 1167 963 ‘usu-ripere?
1203 878 1275 942 Iam
1295 899 1430 965 prorsus
1451 877 1565 943 eodem

419 980 516 1049 modo
538 1003 649 1047 usum
673 1002 816 1067 capere
839 980 867 1045 is
890 980 1078 1062 dicebatur,
1101 980 1155 1044 cui
1176 1002 1256 1046 usus
1277 1003 1298 1046 a
1316 979 1444 1045 nemine
1465 980 1564 1045 inter-

420 1093 536 1172 ruptus
558 1084 705 1170 legitimo
726 1093 872 1169 tempore
895 1081 1099 1169 explebatur.
1137 1081 1191 1147 Ex
1215 1088 1307 1147 ‘usus
1323 1082 1431 1169 capio'
1454 1090 1565 1147 autem

420 1185 592 1253 coniuncte
618 1186 740 1273 scripto
770 1186 952 1273 ‘usucapio'
981 1183 1127 1250 effictum
1156 1193 1207 1250 est
1231 1183 1321 1249 baud
1346 1205 1440 1249 secus
1470 1192 1566 1271 atque

421 1292 602 1370 ‘leqirupio'
623 1288 712 1375 apud
732 1286 886 1355 Plautum
908 1286 994 1355 Rud.
1010 1286 1116 1368 1114,
1131 1287 1166 1351 4:
1192 1286 1280 1352 unde
1305 1287 1467 1373 posterior
1491 1309 1565 1372 pru·

421 1391 567 1457 dentium
587 1390 734 1457 doctrina
752 1392 861 1477 priore
881 1388 1122 1475 significatione
1142 1387 1332 1455 oblitterata
1351 1396 1426 1454 ‘usu
1446 1390 1566 1475 capio,

421 1502 498 1559 ‘usu
513 1498 642 1581 capere'
663 1493 819 1575 diiunxit,
841 1498 926 1556 ‘usu'
949 1514 991 1557 ex
1016 1490 1254 1558 consuetudine
1273 1492 1397 1557 forensi
1416 1492 1452 1557 in
1477 1491 1565 1558 inve·

419 1605 546 1663 teratae
561 1595 778 1683 possessionis
795 1603 923 1681 partem
940 1604 1085 1681 accepto.
1122 1592 1275 1660 Ceterum
1289 1592 1401 1680 aliqua
1416 1603 1566 1680 exparte

419 1697 497 1765 licet
510 1698 546 1763 in
560 1698 835 1785 comparationem
851 1694 971 1763 vocare
985 1704 1130 1761 veterem
1144 1696 1342 1763 locutionem
1357 1702 1448 1761 ‘usus
1463 1696 1565 1761 venit'

416 1800 510 1889 „apud
525 1800 667 1867 comicos
688 1800 821 1867 obviam
836 1799 894 1887 (cf.
910 1797 1021 1864 Plaut.
1034 1796 1105 1863 Mil.
1123 1798 1139 1861 Ι
1157 1801 1186 1880 1,
1201 1799 1233 1863 5.
1256 1798 1332 1863 Ter.
1346 1798 1454 1863 Heau.
1470 1797 1565 1879 1112,

419 1902 473 1971 42.
488 1902 562 1989 46),
579 1942 611 1949 -
635 1924 694 1988 pro
710 1924 775 1989 qua
790 1900 958 1967 Ciceronis
974 1907 1082 1966 aetate
1097 1907 1287 1967 constanter
1302 1905 1382 1965 ‘usu
1396 1900 1505 1966 venit'
1521 1898 1566 1964 di·

419 2006 565 2073 cebatur.

456 2144 465 2155 -
505 2108 608 2173 Porro
627 2142 662 2154 —·
679 2116 717 2172 ut
731 2105 865 2172 redeam
883 2106 969 2170 unde
990 2104 1126 2171 deflexit
1146 2104 1327 2192 disputatio
1342 2142 1384 2154 —
1398 2127 1420 2170 a
1440 2114 1566 2172 senten-

422 2210 543 2276 tiarum
562 2231 659 2295 quem
686 2208 756 2273 dixi
776 2230 864 2273 nexu
884 2208 951 2294 legi
970 2206 1042 2273 XII
1062 2208 1195 2296 proprio
1216 2206 1421 2295 aliquantum
1444 2208 1569 2275 recedit

422 2310 505 2397 legis
535 2311 575 2401 de
603 2311 718 2397 tigno
753 2310 887 2377 iuncto
920 2308 985 2396 (VI
1012 2310 1110 2398 7-9)
1139 2310 1303 2377 restitutio
1333 2310 1499 2397 sagaciter
1527 2310 1567 2377 ab

422 2412 597 2480 Huschkio
615 2422 768 2499 suscepta
783 2412 839 2477 ‘ad
853 2411 960 2498 legem
970 2411 1140 2479 XIItabb.
1150 2412 1191 2478 de
1203 2412 1295 2499 tigno
1310 2413 1421 2480 iuncto
1438 2422 1566 2481 comm’

423 2538 456 2603 p.
472 2514 515 2580 29
536 2504 679 2594 ‘Tiqnum
698 2522 830 2581 iunctum
852 2520 975 2580 audiero
995 2520 1118 2580 vineave
1137 2520 1192 2580 sei
1210 2521 1378 2597 conopit,
1400 2537 1439 2581 ne
1456 2522 1568 2587 solado,
1688 2587 1689 2592 γ

425 2625 535 2699 (neque
551 2624 652 2701 vineo)
669 2622 846 2701 quandoque
860 2629 966 2699 surpta
975 2619 1011 2706 ¹),
1027 2622 1120 2683 donec
1135 2621 1255 2699 dempta
1269 2629 1371 2698 nunt,
1387 2625 1489 2699 (aqna
1502 2627 1569 2684 uin-
1688 2611 1689 2630 ¹

424 2726 530 2789 dicito:
556 2732 603 2787 ast
622 2728 675 2802 qui
695 2727 807 2801 iunxit,
830 2726 971 2802 duplione
991 2725 1134 2787 damnum
1155 2724 1321 2803 decidito).’
1359 2721 1421 2788 Oui
1440 2730 1569 2811 praeter

423 2823 506 2891 alios
522 2847 582 2891 suo
598 2823 724 2891 calculo
740 2822 934 2912 adstipulati
948 2831 1026 2889 sunt
1039 2822 1167 2890 Puehta
1181 2821 1300 2911 Seript.
1313 2824 1391 2889 min.
1405 2824 1510 2912 paea
1521 2848 1568 2911 sq.

423 2928 507 2995 Inst.
527 2930 548 3010 ξ
567 2926 631 2993 232
652 2927 708 2992 dd.
734 2936 768 2993 et
787 2925 1012 3012 Boeckingius
1034 2924 1137 2991 Pand.
1158 2928 1179 3007 ἐ
1202 2925 1264 2992 140
1282 2949 1316 2993 n.
1335 2926 1388 2993 23.
1432 2926 1568 2993 Verum·
1687 2979 1688 2984 η

424 3040 533 3096 tamen
547 3051 663 3116 parum
678 3028 733 3093 illc
748 3027 964 3116 probabiliter
978 3028 1111 3094 diversa
1124 3028 1159 3093 in
1172 3050 1272 3094 unum
1287 3029 1396 3115 coegit
1409 3029 1570 3118 particula
1687 3023 1688 3052 ²

425 3138 542 3211 ‘neque'
557 3170 598 3179 -
614 3131 758 3197 debebat
778 3130 894 3196 saltem
910 3138 1005 3195 ‘neue’
1022 3152 1079 3194 —z
1102 3152 1177 3196 cum
1201 3131 1293 3219 prius
1317 3133 1504 3199 membrum
1527 3132 1569 3198 ad

425 3233 523 3300 aedes
539 3243 572 3300 et
587 3234 735 3316 vineam,
757 3232 895 3298 alterum
915 3243 1033 3320 suapte
1052 3242 1173 3299 natura
1192 3233 1236 3299 ad
1256 3231 1359 3300 solam
1374 3235 1507 3301 vineam
1521 3258 1568 3301 re·

427 3335 546 3424 spiciat
560 3373 602 3383 —-
617 3334 651 3400 id
668 3336 811 3422 quodne
826 3336 935 3423 ipsum
950 3335 1083 3423 quidem
1098 3335 1309 3402 Huschkium
1323 3337 1506 3423 praeteriit,
1527 3337 1569 3405 cf.

426 3462 457 3525 p.
474 3438 516 3502 26
536 3459 585 3522 sq.
610 3460 663 3500 -:
692 3460 752 3503 neo
773 3438 880 3504 minus
902 3438 1089 3525 refragetur
1107 3438 1198 3503 idem
1218 3438 1419 3507 vocabulum
1439 3439 1568 3507 diverso

426 3538 507 3604 adeo
528 3560 663 3605 numero
680 3540 855 3626 repetitum
869 3543 994 3621 ‘tiqnum
1009 3575 1049 3589 -
1065 3546 1173 3621 tique)
1211 3540 1322 3624 Quare
1345 3540 1397 3606 his
1422 3553 1570 3630 praestat

425 3640 529 3707 altera
553 3641 638 3709 ratio
665 3664 764 3728 quam
788 3641 877 3708 idem
902 3644 1088 3730 proposuit,
1118 3644 1177 3709 sed
1201 3654 1239 3711 ut
1268 3643 1433 3710 duriorem
1458 3645 1570 3711 reiecit

424 3766 457 3830 p.
472 3742 560 3809 2411.
576 3743 619 3809 42
635 3749 824 3825 ‘quandoque
838 3757 958 3826 sarpta,
982 3750 1077 3812 douc
1091 3750 1211 3827 uempu
1226 3758 1316 3813 erum
1329 3752 1427 3827 tique,
1443 3769 1482 3813 ne
1500 3755 1568 3815 vin-
1685 3769 1686 3774 ¹

421 3851 535 3913 dicito?

509 3948 594 4014 Tum
616 3950 704 4036 quod
719 3949 889 4017 Ouiacium
910 3974 952 4016 cx
974 3959 1068 4037 parte
1083 3961 1213 4019 secutus
1221 3953 1248 4040 ²)
1269 3953 1401 4039 scripsit
1420 3959 1476 4020 ‘see'
1493 3975 1568 4020 con·

496 4241 515 4307 ¹)
535 4242 645 4305 ‘Sorptu
664 4245 826 4309 quondoque'
846 4258 938 4295 errore
957 4248 1065 4295 tantum
1083 4245 1215 4296 scribitur
1232 4262 1258 4311 p.
1278 4248 1326 4311 29,
1344 4245 1416 4297 unde
1434 4250 1568 4313 repetitur

427 4344 444 4379 a
467 4327 576 4379 Puchta
600 4332 627 4378 et
645 4327 817 4394 Boeckingio
842 4328 861 4379 l.
880 4328 899 4382 1.
919 4329 956 4379 cf.
980 4346 1006 4395 p.
1024 4331 1041 4379 4
1060 4334 1088 4381 et
1105 4332 1146 4384 ⁸24.
1183 4329 1312 4382 Ceterum
1337 4347 1371 4381 ex
1393 4337 1474 4398 parte
1496 4334 1567 4385 viam

426 4412 547 4479 praeivit
570 4412 712 4464 Huschkio
730 4412 846 4465 Lccella
868 4414 898 4462 in
920 4412 992 4464 libro
1010 4416 1090 4465 ‘Tria
1107 4419 1222 4466 tentam.
1242 4416 1278 4467 ad
1300 4415 1399 4470 illustr.
1416 4417 1472 4468 XII
1489 4419 1567 4469 tabu-

425 4497 482 4549 las’
499 4514 526 4563 p.
541 4498 590 4549 180
608 4498 774 4566 ‘Quandoque
790 4506 883 4564 sarpta
900 4500 974 4550 uinea
991 4502 1062 4560 escit,
1080 4503 1195 4552 donicum
1209 4504 1311 4568 dempta
1328 4509 1415 4563 erunt,
1434 4506 1505 4570 tiana
1516 4507 1566 4555 oin·

427 4586 515 4635 dicore
531 4587 571 4635 ius
588 4587 668 4635 esto'r
687 4585 739 4636 etsi
757 4586 924 4637 sententiam
943 4585 1037 4637 effecit
1053 4587 1230 4638 annuariam.

494 4684 515 4750 ²)
534 4684 657 4737 Fallitur
675 4691 767 4740 autem
785 4688 814 4738 in
832 4688 873 4739 eis
892 4702 962 4753 quae
981 4688 1014 4741 de
1032 4687 1144 4742 Ouiacii
1161 4690 1323 4745 coniectura
1340 4696 1378 4743 ‘et
1399 4694 1566 4759 concupitum’
