3709 5634
344 661 353 668 ·
414 655 461 703 nn
484 656 536 703 x11
558 654 770 705 TABVLARVM
792 652 970 717 nutrovns
993 656 1280 708 corsurvsnurs.
1377 644 1416 710 81

276 810 379 875 fuisse
392 796 585 874 '‘tocoris'
602 810 700 876 fidem
715 810 797 877 facit
812 812 934 877 Paulus
951 836 1021 878 exc.
1045 836 1086 878 ex
1097 813 1187 879 Fest.
1202 837 1235 901 p.
1247 814 1289 880 82
1299 839 1331 881 v.
1346 838 1418 895 erqo

277 960 374 977 .....
391 918 470 977 ‘cum
486 918 613 978 dicimus
628 918 665 977 dc
680 920 781 993 utiquo
798 920 920 979 “statua
935 920 1062 981 donatus
1075 927 1119 981 est
1131 921 1283 982 honoris
1296 924 1418 983 sircu-

275 1022 401 1095 tisque
421 1022 550 1095 erpo'’,
578 1023 597 1080 ε’.
612 1038 637 1081 e.
658 1021 686 1080 lc.
710 1040 737 1081 u.
754 1022 879 1091 cuusu',·
895 1016 937 1082 of.
955 1023 1093 1083 ‘tenuis
1112 1026 1200 1097 erqo’
1216 1018 1370 1102 Liv.18,
1387 1022 1418 1084 6.

275 1117 408 1205 Optime
424 1141 501 1183 sane
516 1118 559 1183 ad
575 1119 771 1205 ‘pecuniam'
786 1119 937 1201 honoris,
962 1120 1006 1184 ad
1021 1120 1165 1206 ‘ipsum'
1179 1122 1310 1187 virtutis
1325 1124 1417 1189 notio

274 1220 420 1307 respicit.
456 1222 503 1285 At
523 1242 564 1285 ne
585 1221 698 1287 eodem
719 1221 829 1287 facere
852 1220 942 1289 dieas
965 1221 1055 1309 quod
1074 1224 1222 1310 sequitur
1243 1228 1328 1304 ‘quis
1346 1245 1419 1305 erpo

273 1322 426 1387 honosl’
449 1322 513 1389 loci
534 1324 618 1389 ratio
639 1333 741 1390 vetut.
777 1324 927 1411 Namque
947 1324 982 1389 id
1002 1325 1111 1411 ipsum
1130 1330 1216 1389 ‘horn
1238 1334 1307 1392 virt.
1327 1336 1417 1407 eruo’

272 1446 338 1491 non
354 1434 467 1513 aptum
488 1435 538 1491 est
564 1449 605 1491 ex
625 1427 726 1492 verbo
752 1428 840 1492 unde
863 1426 1039 1493 voluerunt
1058 1427 1200 1494 editores
1222 1431 1343 1493 ‘dcitur
1361 1437 1417 1504 ei',

273 1550 389 1594 verum
405 1550 447 1593 ex
463 1534 598 1608 ‘purtt’s
618 1527 681 1594 hoo
697 1529 784 1593 enim
804 1528 987 1595 luculenter
1006 1530 1127 1617 probat
1141 1529 1308 1595 Ciceronis
1328 1532 1418 1597 testi-

272 1630 421 1697 monium
438 1631 477 1696 de
492 1632 557 1715 leg.
573 1630 682 1714 1124,
699 1626 741 1696 60
764 1636 838 1696 ‘Illa
859 1639 919 1696 iam
940 1638 1120 1711 ucnificutio
1138 1643 1183 1697 est
1200 1637 1302 1698 laudis
1321 1653 1418 1697 crcu-

272 1744 373 1799 mcntu
388 1737 433 1797 ud
445 1743 573 1798 mutuos
586 1740 738 1813 pertinere
749 1739 829 1813 quod
841 1755 1016 1799 coronam
1031 1741 1171 1800 uirtute
1180 1746 1333 1816 partum
1348 1748 1377 1801 et
1390 1744 1420 1801 ei

272 1842 326 1915 que·
336 1842 503 1917 peperisset
516 1843 621 1901 eteius
633 1843 756 1915 parenti
767 1844 831 1901 siue
848 1840 968 1914 fraude
981 1858 1045 1903 esse
1063 1844 1114 1902 lex
1128 1844 1296 1918 impositum
1309 1844 1417 1904 iudet’:

272 1960 338 2025 quo
355 1938 413 2012 vel
423 1960 487 2003 uno
504 1937 671 2003 distinctio
686 1936 751 2003 loci
766 1937 908 2003 Pliniani
930 1962 950 2003 a
964 1940 1058 2005 lanio
1078 1940 1247 2041 proposita
1260 1940 1417 2007 relicitur.

272 2040 434 2106 —Porro
450 2062 510 2125 pro
527 2044 654 2104 ‘duitor’
673 2078 710 2087 -
726 2040 774 2105 its.
788 2040 974 2106 Vossianus
995 2065 1038 2106 m.
1054 2064 1104 2129 pr.
1127 2052 1160 2117 et
1174 2042 1279 2107 Puris.
1295 2042 1318 2106 d
1337 2043 1417 2106 m.2

273 2181 312 2191 —
332 2142 404 2208 sire
420 2146 590 2224 ‘ducitur’‚
605 2151 644 2206 ut
659 2140 851 2225 Toletenus,
868 2166 910 2208 ex
924 2166 989 2229 quo
1005 2154 1193 2231 corruptum
1214 2154 1266 2211 est
1281 2148 1418 2210 ‘diuidi-

194 2244 198 2251 ’
271 2250 334 2309 tur'
346 2244 381 2308 in
394 2242 604 2311 Chiffletiano
617 2254 650 2309 et
662 2244 768 2309 Paris.
785 2268 827 2309 m.
845 2269 893 2331 pr.
907 2284 949 2292 -
970 2250 1134 2325 ‘arquitur'
1146 2269 1225 2313 cum
1243 2246 1315 2312 aliis
1332 2249 1415 2334 opti-

253 2348 344 2413 mus
365 2346 601 2411 Ricoerdieuus
622 2354 656 2410 et
675 2346 831 2412 Vossiani
852 2370 968 2413 manus
991 2347 1095 2413 altera
1123 2387 1157 2397 -
1186 2372 1283 2435 quam
1308 2349 1417 2436 priore

270 2472 338 2515 uon
352 2448 454 2515 multo
471 2471 541 2515 esse
556 2448 770 2515 recentiorem
784 2448 946 2515 iudicavit
955 2450 1000 2514 du
1009 2449 1144 2516 Rievius
1157 2450 1417 2537 apudDetlefse-

271 2575 352 2617 num
366 2550 452 2617 Mus.
467 2550 558 2616 rhen.
579 2550 645 2615 XV
660 2550 723 2615 275
738 2589 780 2598 -
794 2560 974 2634 testantur3
995 2552 1029 2616 id
1053 2552 1143 2639 quod
1164 2562 1254 2619 certo
1275 2554 1416 2639 vestigio
1497 2629 1500 2632 ¹

272 2654 365 2721 ducit
377 2652 419 2718 ad
431 2652 599 2739 antiquam
615 2653 754 2718 formem
770 2652 859 2720 haud
872 2653 1089 2739 spernendam
1104 2659 1320 2719 ‘arduitate’
1338 2656 1416 2722 Fre-

271 2754 511 2844 quenter-enim
525 2757 699 2841 ,antiquum
715 2776 894 2820 sermonem
911 2763 983 2819 ‘ar'
1000 2777 1178 2842 usurpasse
1198 2776 1258 2842 pro
1273 2756 1340 2820 ‘ed’
1356 2778 1413 2822 no·

271 2870 342 2925 tum
356 2867 420 2923 est:
439 2855 481 2921 of.
495 2856 655 2923 Priscian.
669 2880 701 2943 p.
713 2856 776 2922 559
788 2857 823 2932 P,
837 2855 854 2920 I
869 2857 953 2943 p.35
964 2857 1007 2922 H.
1025 2865 1187 2934 ‘arcenus'‚
1204 2864 1339 2934 ‘crfiucs'
1352 2868 1414 2924 ete.

272 2971 304 3027 et
319 2958 472 3047 exempla
493 2959 581 3046 apud
597 2958 829 3025 Schneiderum
845 2958 990 3027 Gramm.
1007 2959 1024 3023 Ι
1038 2983 1071 3045 p.
1086 2959 1147 3027 257
1169 2948 1202 3025 et
1216 2953 1416 3025 Oorssenum

272 3064 314 3129 de
334 3063 457 3129 Enunt.
480 3060 502 3125 l.
519 3060 540 3125 l.
558 3062 576 3127 I
597 3084 629 3147 p.
645 3060 687 3125 89
703 3084 751 3147 sq.
772 3060 928 3148 pleraque
949 3059 1101 3143 collecta,
1122 3062 1241 3147 quibus
1262 3060 1415 3126 addendo

251 3206 256 3216 ·
272 3172 460 3231 ‘arcuciture
478 3185 569 3244 saepe
589 3168 758 3229 udvoeure'
781 3185 822 3227 ex
843 3162 989 3228 Thomee
1005 3162 1104 3228 Thes.
1120 3186 1197 3229 nov.
1212 3162 1331 3228 latinit.
1346 3162 1416 3227 Mai

272 3268 377 3334 Class.
394 3276 479 3333 auct.
495 3266 582 3331 VIII
596 3290 628 3353 p.
641 3266 693 3349 56,
711 3271 868 3329 ‘urvolare
880 3286 939 3345 cro
953 3270 1113 3330 advolare’
1129 3265 1175 3331 ib.
1191 3265 1245 3348 60,
1262 3271 1417 3351 ‘cruentet

272 3376 430 3437 cdumict’
454 3392 496 3433 ox
516 3367 642 3433 Placidi
657 3367 757 3453 gloss.
774 3367 967 3433 111435M.
989 3374 1146 3433 ‘arcersire
1161 3387 1222 3450 pro
1235 3372 1318 3432 udu’
1334 3367 1413 3432 Dio-

272 3474 381 3538 medes
397 3494 429 3558 p.
444 3472 517 3536 447.
548 3470 644 3551 Quod
660 3490 733 3535 oum
749 3480 823 3536 ante
838 3471 860 3535 b
869 3518 877 3553 ,
896 3472 912 3533 f
918 3519 926 3552 ,
943 3495 965 3535 v
985 3470 1113 3536 litteras
1129 3468 1217 3536 solas
1238 3470 1345 3535 locum
1359 3470 1414 3535 he·

271 3577 350 3641 bere
366 3574 518 3640 Osannus
536 3572 579 3637 ad
594 3573 751 3659 Pompon.
768 3572 808 3638 de
824 3572 905 3657 orig.
920 3573 984 3638 iur.
999 3597 1032 3659 p.
1048 3572 1089 3637 68
1104 3581 1170 3638 not.
1193 3572 1413 3654 contenderet,

272 3676 394 3743 oblitus
410 3686 461 3741 est
475 3697 586 3741 eorum
602 3696 684 3761 quae
699 3674 958 3739 iumPriscianus
972 3676 1103 3741 notavit
1117 3681 1244 3754 ‘urum
1261 3680 1413 3748 ‘arcessoffi

273 3784 404 3863 ἀνεῖν,
420 3777 508 3866 quod
525 3775 708 3842 extremum
723 3778 818 3843 novis
840 3776 1035 3843 testimoniis
1051 3776 1211 3862 probatur
1227 3784 1345 3841 ‘arsitio
1359 3797 1414 3841 co-

272 3888 366 3947 cutr‘o'
388 3890 421 3946 et
442 3884 551 3945 ‘urcilz'
569 3884 682 3944 cocati'
704 3902 747 3944 ex
768 3876 876 3944 Gloss.
898 3888 965 3944 vet.
986 3877 1066 3943 Mai.
1087 3878 1139 3943 VI
1158 3901 1191 3965 p.
1206 3878 1280 3943 509.
1310 3878 1413 3943 Porro

273 3983 500 4070 dignissimum
528 3990 643 4046 notatu
669 3980 855 4067 exemplum
880 3980 1025 4045 Thomae
1055 3980 1155 4045 Thes.
1186 3980 1414 4045 subministrat

272 4110 303 4173 p.
318 4088 360 4153 57
377 4090 535 4163 ‘ardesco
556 4091 680 4156 sterilis,
701 4090 804 4161 exilis,
825 4088 940 4161 obesus,
961 4090 1105 4148 exesus’:
1125 4081 1183 4148 ubi
1204 4078 1357 4148 vocalis
1378 4080 1413 4146 vi

273 4186 569 4255 videtur‘effeotum
585 4209 674 4269 esse,
696 4196 733 4251 ut
754 4207 875 4273 anceps
898 4207 996 4250 sonus
1017 4197 1114 4271 atque
1133 4186 1218 4250 inter
1232 4192 1303 4249 ret
1317 4182 1340 4248 d
1354 4182 1412 4247 flu·

274 4300 388 4356 cluens
403 4298 542 4375 utruque
557 4289 668 4355 littera
684 4288 934 4373 exprimeretur.
966 4286 1056 4351 Haeo
1070 4295 1179 4351 autem
1200 4306 1267 4351 vox
1289 4284 1414 4349 suffieit

274 4392 315 4457 ad
329 4389 543 4457 refellendum
558 4390 646 4477 quod
667 4400 781 4457 eontra
796 4389 1032 4455 Schneiderum
1046 4388 1175 4454 Pottius
1197 4384 1364 4451 contendit
1378 4386 1413 4449 in

273 4492 395 4559 Kuhnii
411 4495 496 4557 Ann.
513 4493 591 4581 ling.
607 4516 712 4580 comp.
727 4494 744 4558 Ι
759 4493 821 4558 326
836 4516 868 4556 n.
885 4498 957 4557 ‘cr'
974 4501 1007 4557 et
1021 4490 1096 4555 ‘ad'
1112 4512 1179 4554 non
1193 4489 1265 4554 soni
1277 4498 1335 4553 aut
1348 4487 1413 4551 for-

274 4619 343 4686 rnse
351 4645 360 4678 ,
377 4594 436 4661 sed
451 4597 524 4683 ipsu
539 4596 651 4681 stirpis
669 4596 861 4663 diversitate
876 4595 1019 4679 seiungi:
1041 4592 1076 4658 id
1090 4592 1179 4679 quod
1198 4613 1261 4657 nec
1274 4590 1412 4655 sanseri-

273 4708 379 4762 tarum
399 4719 517 4765 vocum
535 4700 628 4763 ‘eret'
651 4708 683 4763 et
702 4696 803 4761 ‘edhi'
826 4719 929 4783 neque
951 4695 1140 4761 celticorum
1156 4692 1353 4769 ‘Armorica'
1370 4690 1412 4755 aL

324 4808 443 4861 sennen,
464 4809 529 4861 Legis
542 4808 582 4850 xu
596 4810 641 4851 un.
655 4808 717 4861 resq.
1155 4793 1157 4797 '
1189 4797 1209 4877 6
