3709 5634
368 659 388 721 8
803 669 916 718 carvr
939 649 1087 716 rnrnvn.

369 827 450 912 legis
478 826 585 891 locum
614 825 828 890 succederent
851 823 947 909 eique
973 823 1067 910 quasi
1092 821 1305 886 fundamento
1332 833 1517 909 superstru-

370 928 553 1013 erentur¹):
582 937 680 1014 atque
707 925 979 1014 quemadmodum
1006 934 1083 1012 post
1109 922 1214 1008 legem
1240 923 1419 990 Aebutiam
1446 935 1518 992 tota

369 1029 554 1096 iurisdictio
582 1052 683 1116 penes
705 1038 874 1116 praetores
896 1038 983 1111 erat,
1007 1028 1055 1092 ita
1080 1027 1276 1092 auctoritate
1300 1023 1355 1091 lex
1379 1027 1519 1096 cedebat

370 1133 530 1220 praetoris
547 1131 665 1198 edicto.
674 1132 702 1217 ²)
722 1129 785 1196 His
801 1102 868 1197 nbn
882 1137 1085 1218 repugnant,
1100 1129 1199 1196 immo
1214 1128 1312 1194 fidem
1327 1128 1453 1195 addunt
1467 1153 1519 1212 ea,

371 1257 455 1322 qnae
470 1233 511 1299 de
525 1232 608 1320 legis
624 1233 762 1299 statutis·
774 1231 973 1299 oblitteratis
995 1253 1034 1296 ae
1054 1241 1169 1319 postea
1190 1231 1297 1297 denno
1318 1240 1442 1313 mutato
1462 1255 1520 1298 no-

371 1336 459 1401 mine
499 1335 679 1422 habituque
719 1334 924 1423 temporibus
960 1333 1208 1402 accommodato
1244 1333 1521 1400 reviviscentibus

292 1519 294 1523 Ι
371 1437 534 1504 Macrobii
548 1437 734 1504 testimonio
749 1438 966 1525 comperimus
982 1436 1051 1502 Sat.
1067 1435 1121 1500 III
1138 1437 1187 1519 17,
1203 1437 1223 1501 8
1245 1441 1289 1500 ‘in
1309 1457 1345 1500 ea
1366 1443 1445 1501 enim
1463 1439 1520 1513 se-

371 1544 488 1604 renda'
508 1538 709 1627 —loquitur
729 1538 770 1604 de
789 1539 863 1624 lege
877 1537 1007 1604 Licinia
1029 1539 1234 1625 sumptuaria
1247 1577 1290 1589 -
1305 1541 1457 1618 ‘quaesita
1473 1549 1523 1602 est

372 1664 467 1709 amne
486 1648 563 1722 kari
580 1646 745 1707 emeritas
765 1648 950 1707 exolescente
964 1651 1042 1705 meta
1056 1647 1130 1720 lepis
1144 1647 1321 1721 annosioris
1335 1647 1393 1722 ita,
1408 1646 1521 1706 bacn-

350 1751 427 1839 Jes,
451 1755 485 1810 ut
504 1750 542 1810 de
568 1750 642 1825 ipsis
662 1747 818 1808 duodecim
840 1747 949 1807 tundis
967 1747 1086 1820 suetam
1110 1733 1170 1808 est:
1196 1763 1325 1822 qnorum
1345 1747 1408 1808 abi
1425 1762 1522 1808 con-

372 1854 488 1912 temni
499 1853 713 1926 antiquitas
731 1852 866 1925 coepit,
882 1850 988 1910 eadem
1003 1852 1058 1910 illa
1073 1867 1151 1926 quse
1166 1852 1225 1910 illis
1238 1851 1351 1926 legibus
1365 1849 1520 1911 caveban-

372 1961 437 2027 ταν,
452 1955 484 2014 in
498 1956 562 2014 alin
576 1957 704 2014 laurum
718 1953 840 2012 nomina
854 1955 1061 2012 transierunt?

458 2050 581 2117 Contra
599 2049 683 2136 legis
704 2073 784 2115 usus
805 2049 876 2115 fere
890 2047 1055 2135 relegatus
1076 2071 1098 2115 a
1116 2050 1189 2116 foro
1209 2050 1244 2114 in
1259 2049 1380 2116 scholis
1395 2049 1525 2116 diutius

373 2153 528 2220 obtinuit.
558 2151 645 2218 Nam
665 2152 729 2218 etsi
749 2152 792 2216 ad
807 2151 1017 2238 disciplinam
1037 2161 1071 2218 et
1091 2152 1198 2238 ipsam
1220 2154 1405 2238 augendam
1420 2152 1524 2219 Grae·

374 2276 486 2320 corum
497 2253 685 2340 exemplum
695 2275 792 2319 suum
802 2263 1005 2320 momentum
1015 2253 1141 2336 habuit,
1154 2263 1264 2320 tamen
1274 2254 1364 2319 Livii
1377 2253 1526 2340 Odyssia

373 2357 409 2421 in
428 2355 522 2442 ludos
545 2355 690 2421 admissa
709 2379 775 2422 non
796 2349 909 2422 statim
928 2357 1007 2422 inde
1033 2342 1225 2422 exturbavit
1243 2354 1315 2420 XII
1334 2354 1525 2422 tabularum

354 2455 572 2545 ‘studium³):
595 2459 695 2525 immo
716 2459 778 2524 hoe
797 2457 938 2546 perduc
958 2446 1028 2524 fere
1043 2457 1175 2524 saecula
1197 2459 1296 2522 etiarn
1312 2458 1526 2524 coniunctum

376 2583 451 2627 cum
465 2559 524 2626 illa
538 2560 675 2643 mansit,
696 2560 852 2648 quamdiu
866 2560 1008 2626 Romani
1029 2561 1064 2624 in
1085 2582 1123 2627 eo
1144 2559 1274 2626 laudern
1295 2560 1526 2647 capessebant,

295 2666 298 2670 ⁴
374 2687 416 2729 ne
439 2685 520 2751 prae
540 2661 655 2728 alienis
682 2674 716 2729 et
735 2663 932 2728 adventiciis
955 2661 1164 2748 neglegerent
1188 2683 1248 2727 sua
1273 2682 1311 2726 ae
1336 2661 1524 2749 popularia.

377 2768 488 2852 Atque
508 2787 606 2852 quam
624 2765 689 2832 late
711 2765 857 2852 patuerit
877 2765 977 2830 etiam
999 2765 1137 2850 septimo
1160 2763 1292 2831 saeculo
1313 2763 1403 2850 apud
1422 2785 1526 2851 popu-

375 2867 443 2933 lum
457 2867 541 2954 legis
557 2868 713 2953 cognitio,
729 2866 783 2933 vel
798 2890 840 2933 ex
855 2866 901 2932 eis
918 2868 1130 2954 conspicuum
1145 2866 1183 2938 fit
1197 2888 1281 2952 quae
1294 2865 1389 2931 huius
1406 2866 1526 2931 aetatis
1611 2879 1616 2886 '

358 2994 361 2998 ⁴
377 2972 570 3056 scriptores,
586 2971 729 3036 maxime
743 2979 874 3058 poetae,
889 2970 968 3034 inde
984 2969 1157 3056 desumpta
1177 2969 1211 3034 in
1227 2991 1322 3034 suum
1335 2989 1432 3034 usum
1453 2989 1527 3033 ver-

376 3084 497 3140 terunt.
527 3071 613 3137 Nam
627 3081 665 3138 ut
679 3071 769 3159 apud
784 3071 952 3154 Plautum,
965 3071 1170 3153 Terentium,
1186 3071 1348 3154 Ennium,
1364 3071 1412 3135 ita
1426 3069 1527 3135 etiarn

375 3176 411 3239 in
430 3174 569 3257 Lucilii,
591 3174 739 3256 Afranii,
759 3173 915 3239 Varronis
937 3173 1084 3261 reliquiis
1104 3183 1281 3240 occurrunt
1300 3171 1419 3260 quibus
1440 3181 1528 3237 tecte

377 3276 544 3342 alludatur
558 3275 601 3340 ad
616 3274 697 3361 legis
713 3275 817 3341 verba
831 3285 864 3340 et
877 3277 925 3341 ita
940 3275 1088 3361 quidem,
1109 3287 1147 3342 ut
1168 3296 1301 3340 acumen
1320 3274 1386 3340 nisi
1406 3273 1462 3362 qui
1482 3272 1527 3339 le-

378 3583 440 3618 cum
458 3567 532 3618 hanc
549 3567 639 3633 ipsam
661 3582 718 3617 rem
741 3567 849 3618 diceret
871 3581 968 3617 ansam
991 3567 1152 3634 praebuisse
1176 3568 1248 3635 legis
1272 3568 1367 3618 statim
1391 3568 1529 3634 abrogan-

291 3700 304 3708 ,
377 3653 430 3703 dae
457 3679 490 3689 -
518 3652 590 3718 quod
621 3653 733 3704 minime
765 3653 884 3704 suadent
914 3653 1056 3704 Labeonis
1089 3653 1175 3706 verba
1201 3658 1360 3719 ‘propterea
1388 3660 1529 3718 praetores

373 3747 489 3805 postea
506 3739 572 3789 lene
590 3737 737 3790 abolescere
754 3747 780 3791 ei
801 3741 912 3806 relinqui
928 3748 1081 3790 certauerunt
1104 3757 1130 3791 e.
1148 3756 1173 3805 q.
1192 3742 1225 3792 s.’
1250 3742 1357 3789 etcum
1376 3739 1441 3789 hinc
1459 3739 1529 3789 adeo

379 3831 488 3892 ternpus
512 3840 565 3890 quo
589 3824 618 3875 id
641 3826 730 3891 ipsum
755 3831 846 3876 actum
869 3828 946 3877 esset
969 3829 1100 3875 accurate
1123 3822 1263 3874 deliniret:
1287 3839 1339 3874 nec
1363 3824 1452 3888 minus
1471 3823 1529 3872 Ru-

378 3909 504 3961 dorffium
526 3915 593 3976 puto
616 3911 730 3960 nimium
743 3911 780 3962 ‚ei
802 3911 844 3961 rei
862 3915 1029 3960 momentum
1046 3909 1191 3972 tribuisse,
1216 3909 1263 3974 q‘ni
1279 3908 1423 3960 Veratium
1436 3909 1533 3962 ,istam

379 3998 452 4048 inter
469 3995 589 4047 ficticias
607 3996 676 4046 iuris
694 3996 828 4048 historiae
850 4009 984 4062 personas
1009 4011 1070 4046 curn
1087 3993 1216 4045 Vindicio
1239 4009 1318 4062 servo
1343 3992 1462 4058 aliisque
1485 4007 1528 4043 re-

383 4083 440 4134 fert
456 4083 492 4133 H.
511 4082 562 4137 iur.
582 4096 648 4132 rom.
666 4082 680 4132 1
698 4098 725 4147 p.
745 4083 838 4133 10511.
856 4083 880 4132 ὅ.

449 4183 468 4249 ¹)
487 4186 643 4236 Honorem
662 4181 835 4236 memorabili
852 4183 1016 4234 iniuriarum
1034 4163 1154 4234 aetionis
1174 4181 1297 4248 exemplo
1310 4179 1455 4248 praeclare
1468 4196 1531 4246 per-

380 4274 493 4322 secutus
512 4274 556 4322 eat
572 4269 735 4320 Huschkius
753 4269 771 4320 l
790 4269 807 4319 l.
826 4286 852 4335 p.
872 4269 921 4319 128
940 4281 1000 4332 sqq.
1025 4271 1027 4276 '

420 4384 422 4387 ·
448 4369 471 4438 ²)
496 4373 533 4427 cf.
552 4372 650 4425 Cicero
668 4371 702 4422 de
725 4371 780 4439 leg.
803 4372 817 4421 I
839 4373 869 4434 ὅ,
889 4372 929 4422 17.
970 4370 1029 4422 Non
1051 4387 1113 4436 ergo
1136 4333 1344 4435 a'praecoris
1366 4370 1475 4420 edicto
1497 4377 1531 4420 ut

378 4459 529 4532 plerique
546 4475 638 4519 nune,
657 4475 737 4525 neque
755 4475 773 4508 α
785 4457 847 4507 XII
856 4454 951 4506 tabulis
968 4463 995 4504 ue
1012 4458 1218 4522 superiores,
1236 4457 1284 4507 sed
1297 4456 1402 4520 penitus
1419 4470 1455 4504 ea
1471 4455 1531 4519 ipsa

378 4543 541 4608 plriioaophia
558 4543 724 4595 immadem
741 4545 805 4597 iuris
822 4533 984 4606 dir'eipliaam
998 4548 1086 4605 putas.

448 4642 469 4708 ⁸)
488 4644 551 4707 Qua
568 4646 596 4696 in
615 4661 644 4696 rs
663 4661 759 4711 parum
777 4644 908 4710 temporis
926 4642 1063 4694 rationem
1082 4644 1173 4694 tenuit
1190 4643 1375 4696 Mommsenus
1393 4642 1428 4694 Η.
1448 4641 1482 4691 R.
1501 4641 1529 4693 Π

380 4746 409 4797 p.
426 4732 486 4786 426.
523 4731 559 4783 ci.
578 4729 676 4782 Cicero
694 4730 728 4782 ds
747 4731 802 4798 leg.
821 4731 850 4781 11
867 4732 908 4788 aa,
928 4727 970 4778 59.
