3709 5634
438 628 484 674 nn
508 626 558 673 x11
581 626 794 673 rsnvnnavu
817 627 994 687 uuurovus
1018 626 1305 678 cousrmvaunrs.
1403 613 1444 676 79

301 791 403 845 esto!
413 781 437 864 ¹)
468 780 609 847 Omnino
624 781 658 845 in
672 780 800 865 legibus
815 782 1016 868 insequentis
1033 782 1189 867 temporis
1209 781 1264 845 ille
1279 804 1375 868 quem
1390 804 1444 845 no-

274 893 277 899 ’
302 884 371 949 tavi
387 882 518 949 dicendi
532 904 610 947 usus
625 880 722 949 latius
739 892 830 970 patet
844 884 888 949 cf.
904 882 1033 969 exlege
1049 884 1136 950 Iulia
1152 891 1287 962 ‘eiusque
1297 890 1446 964 pecuniae
1487 868 1494 883 ⁸

301 992 372 1065 quei
384 991 572 1065 voletpetitio
595 995 655 1049 esto
664 992 683 1065 ²,
703 984 775 1051 Lex
794 985 925 1070 agraria
944 984 966 1049 l.
984 987 1044 1049 101
1066 990 1121 1049 ‘ab
1140 994 1212 1066 ipsis
1232 991 1446 1065 heredibusque

301 1108 404 1152 eorum
417 1093 586 1167 persequutio
599 1094 671 1151 eslo'
687 1086 730 1152 al.

386 1190 536 1276 Denique
558 1212 685 1255 summa
710 1188 761 1255 vis
788 1189 1003 1275 oppositionis
1025 1211 1064 1254 ac
1084 1191 1153 1255 fere
1173 1192 1303 1277 poetica
1323 1191 1370 1254 rei
1391 1191 1444 1256 de·

302 1292 438 1379 scriptio
459 1301 599 1378 apparet
617 1292 652 1356 in
671 1292 782 1358 verbis
804 1290 891 1355 VIII
906 1291 949 1354 24
969 1296 1014 1355 ‘si
1033 1299 1120 1356 telum
1142 1314 1234 1357 manu
1250 1299 1333 1372 fvffl'f
1349 1300 1447 1371 mouis-

242 1472 248 1483 .
300 1415 392 1475 quum
407 1400 508 1458 iecit':
530 1395 570 1459 de
590 1393 710 1480 quibus
730 1394 801 1457 iure
816 1391 931 1457 Cicero
955 1392 995 1458 de
1017 1416 1063 1459 or.
1080 1394 1205 1476 11139,
1225 1397 1285 1460 158
1307 1400 1445 1474 ‘Impru-

300 1503 403 1561 dentia
419 1502 470 1560 teli
482 1502 582 1560 emissi
594 1500 711 1559 brevius
721 1502 857 1575 propriis
871 1500 967 1559 verbis
980 1503 1092 1575 exponi
1112 1517 1171 1559 noa
1188 1505 1286 1575 potuit
1299 1516 1389 1575 quam
1404 1509 1447 1559 est

300 1620 359 1662 erno
374 1604 545 1677 sionifieutn
560 1604 728 1661 translato)
759 1596 825 1662 Sed
846 1595 965 1662 abhoc
986 1617 1051 1661 non
1072 1597 1179 1660 minus
1200 1621 1297 1683 quam
1317 1599 1360 1663 ab
1380 1598 1445 1661 illis

299 1702 577 1787 mirumquantum
593 1699 696 1765 distat
711 1699 797 1785 quod
818 1698 1020 1765 aMacrobio
1041 1699 1108 1779 14,
1127 1699 1166 1762 19
1180 1700 1299 1764 citatur
1322 1704 1373 1789 ‘si'
1384 1720 1446 1762 noa

297 1807 444 1879 furtum
463 1806 608 1880 sectum
628 1808 691 1880 sil,
707 1809 786 1896 srjm
801 1807 916 1881 occisit,
933 1808 998 1865 iure
1013 1821 1119 1865 caesus
1134 1811 1215 1865 esto.’
1247 1800 1397 1887 Namque
1411 1803 1445 1865 in

299 1905 361 1970 hac
376 1927 412 1969 re
428 1915 465 1969 ut
479 1927 544 1991 qua
559 1905 700 1969 maxime
716 1904 869 1969 voluntas
884 1902 1025 1969 hominis
1041 1903 1219 1988 premenda
1234 1913 1318 1967 erat:
1341 1926 1445 1989 neque

299 2029 420 2073 caussa
446 2028 504 2070 cur
530 2004 743 2087 defendatur,
777 2005 897 2069 nedum
924 2027 982 2069 cur
1011 2006 1216 2091 praeferatur
1244 2006 1370 2069 incerta
1398 2006 1446 2069 rei

299 2110 409 2173 factae
424 2107 568 2190 notatio,
591 2108 659 2173 ulla
679 2108 714 2171 in
729 2118 883 2194 promptu
905 2116 966 2171 est.
998 2109 1149 2191 Augetur
1169 2116 1280 2171 autem
1299 2106 1376 2170 inde
1398 2108 1444 2171 of-

300 2210 424 2291 fensio,
441 2209 529 2296 quod
544 2232 648 2296 neque
665 2209 871 2275 accusativus
889 2214 961 2272 ‘im’
983 2219 1035 2273 est
1054 2230 1117 2293 quo
1137 2208 1318 2290 referatur,
1340 2230 1445 2295 neque

299 2312 529 2377 coniunctivus
552 2317 622 2375 ‘sit'
645 2309 780 2376 tolerari
799 2312 834 2375 in
855 2311 927 2395 lege
948 2309 1129 2376 ullomodo
1150 2321 1272 2396 potest:
1299 2310 1334 2374 id
1359 2311 1445 2396 quod

301 2413 390 2478 infra
406 2436 501 2501 spero
517 2436 569 2477 mc
585 2412 714 2499 planius
730 2436 801 2479 esse
817 2412 1116 2499 comprobaturum.
1141 2412 1229 2477 Hinc
1244 2413 1344 2498 igitur
1359 2416 1445 2498 quod

300 2517 367 2579 iam
383 2515 509 2580 Ouiacii
525 2536 663 2581 acumen
677 2514 762 2581 vidit
778 2515 890 2602 (Obss.
911 2516 961 2596 11,
980 2514 1035 2599 27)
1051 2514 1280 2601 persuasitque
1296 2514 1445 2600 pluribus

300 2617 383 2703 legis
400 2618 635 2704 interpretibus
654 2625 693 2683 ‘se'
700 2638 763 2681 nox
774 2621 893 2695 furtum
906 2620 1025 2693 faxit’
1042 2616 1134 2681 unice
1146 2616 1317 2702 probatur:
1335 2638 1444 2701 quem-

301 2718 479 2784 admodum
499 2718 570 2784 XII
590 2722 610 2785 3
632 2730 682 2785 est
708 2723 752 2783 ‘si
775 2741 878 2784 servus
896 2722 1016 2796 furtum
1033 2722 1140 2795 faxit!
1176 2717 1304 2783 Eodem
1325 2717 1445 2781 ducere

301 2820 433 2887 videtur
449 2820 548 2886 Gellii
569 2822 791 2888 testimonium
807 2820 860 2886 XI
877 2822 934 2904 18,
951 2823 969 2886 7
986 2825 1076 2884 ‘Nam
1094 2824 1197 2897 furem
1217 2827 1268 2897 qui
1286 2823 1445 2895 manifesto

297 2927 387 3000 furto
403 2944 533 3003 prensus
551 2935 639 3005 esset,
661 2939 721 2988 tum
743 2930 859 2987 demeum
884 2929 982 2987 occidi
998 2930 1210 3002 permiserunt,
1235 2929 1263 2984 si
1286 2935 1352 2996 aut,
1378 2942 1444 2984 crem

297 3030 451 3101 faceret
461 3028 621 3104 furtum,
637 3047 699 3090 nox
713 3038 797 3107 esset,
815 3036 868 3089 unt
882 3030 1011 3089 interdie
1026 3032 1082 3088 telo
1096 3047 1140 3106 se,
1157 3045 1223 3089 cum
1235 3029 1444 3103 prenderetur,

301 3131 499 3204 defenderet?
531 3126 960 3193 ef.Gaius1nst.111189.
990 3128 1040 3191 Ao
1059 3126 1140 3190 mihi
1160 3127 1290 3211 quidem
1312 3125 1382 3189 veri
1403 3125 1443 3189 si-

300 3228 377 3294 mile
392 3228 525 3295 videtur
539 3252 559 3293 a
571 3228 689 3311 Gellio,
706 3230 798 3295 cuius
815 3252 857 3294 ex
871 3228 956 3294 libro
968 3228 1056 3293 VIII
1069 3250 1156 3292 nunc
1172 3227 1342 3314 deperdito
1358 3227 1444 3292 bunc

302 3340 407 3397 totum
427 3330 534 3395 locum
554 3330 741 3397 Macrobius
769 3330 946 3418 exscripsit
967 3330 1024 3415 (of.
1045 3329 1132 3395 VIII
1154 3331 1170 3393 1
1192 3330 1306 3415 inser.)
1328 3329 1444 3406 eodem

301 3433 399 3500 modo
412 3441 450 3497 ut
461 3432 530 3497 XX
545 3434 573 3514 1,
589 3434 627 3496 12
643 3437 786 3509 ‘sensit'
803 3432 960 3519 seriptum
972 3432 1090 3497 fuisse:
1109 3455 1151 3497 ex
1164 3431 1227 3497 hac
1242 3442 1351 3496 autem
1366 3434 1443 3497 scri·

302 3545 400 3622 ptura
414 3557 523 3601 errore
539 3534 610 3600 sive
625 3534 787 3601 Macrobii
803 3536 873 3599 sive
887 3533 1016 3600 librarii
1031 3538 1220 3612 ‘factumue'
1237 3545 1346 3599 ortum
1360 3557 1443 3599 esse.
1521 3582 1529 3603 .

387 3638 442 3703 Ad
463 3635 552 3701 aliud
573 3636 704 3701 accedo.
734 3636 916 3723 Perpetuus
939 3646 989 3701 est
1013 3646 1046 3702 et
1070 3638 1141 3701 sine
1169 3637 1360 3722 exceptione
1385 3659 1444 3722 per

301 3739 384 3825 legis
411 3748 583 3827 praecepta
609 3739 673 3805 sibi
699 3748 852 3806 constans
878 3739 1112 3825 imperativi
1135 3760 1231 3819 usus,
1257 3737 1311 3803 vel
1336 3739 1371 3801 in
1396 3739 1442 3802 eis

302 3864 385 3929 quae
400 3841 619 3927 permittentis
634 3843 739 3927 magis
761 3863 859 3929 quam
873 3841 1064 3927 imperantis
1081 3850 1157 3904 sunt
1177 3840 1220 3903 ef.
1237 3841 1289 3903 13
1305 3847 1344 3903 ‘ss‘
1356 3848 1442 3916 nolet,

301 3964 441 4009 arceram
456 3965 493 4008 ne
507 3951 650 4023 sternito',
666 3944 756 4009 1114
776 3952 820 4009 ‘si
840 3951 927 4019 uolet,
943 3950 1015 4022 plus
1030 3948 1118 4005 dato'
1135 3939 1177 4005 al.
1208 3941 1318 4022 Quare
1339 3943 1374 4005 in
1389 3943 1442 4006 Ci-

302 4046 430 4112 ceronis
447 4068 493 4111 or.
510 4068 541 4134 p.
559 4044 667 4111 Tullio
684 4050 703 4129 ῧ
716 4046 760 4111 50
775 4051 908 4121 ‘Furem
923 4050 979 4109 hoc
992 4055 1036 4109 est
1044 4050 1230 4125 praedonem
1245 4055 1274 4107 et
1286 4051 1441 4119 latronem,

302 4156 368 4214 luce
384 4153 481 4213 occidi
493 4159 591 4213 vetunt
604 4153 676 4212 XII
687 4153 821 4213 tabulae:
839 4168 906 4213 cum
927 4154 1008 4211 intra
1021 4154 1153 4226 parietes
1168 4158 1231 4211 tuos
1246 4151 1356 4211 bostem
1370 4169 1442 4211 eer-

302 4258 443 4316 tissr'mum
459 4262 573 4329 teneas,
589 4257 648 4315 nisi
662 4255 716 4315 “se
730 4259 786 4316 telo
800 4254 966 4328 defendit’'
982 4255 1090 4327 inquit,
1105 4256 1224 4313 etiamsi
1236 4271 1302 4315 eum
1318 4257 1374 4314 telo
1388 4273 1442 4315 oe-

303 4360 396 4433 nertt,
413 4360 473 4417 nisi
485 4364 583 4418 utetur
603 4360 658 4417 telo
678 4374 712 4418 eo
732 4374 770 4419 ue
784 4357 976 4433 reprobatu,
997 4373 1056 4416 non
1076 4358 1208 4417 oecides'
1230 4351 1377 4418 notanda
1392 4363 1443 4416 est

303 4476 413 4520 eorum
438 4455 600 4521 editorum
625 4457 768 4539 incuria,
789 4457 845 4543 qui
872 4464 943 4519 ‘aon
968 4461 1095 4521 oecides'
1120 4454 1202 4541 legis
1223 4455 1327 4522 verba
1350 4453 1442 4519 intel-

263 4722 267 4741 .
373 4681 391 4747 ¹)
412 4682 447 4735 cf.
466 4674 626 4733 Huschkius
644 4682 662 4733 1.
682 4681 698 4732 l.
717 4698 744 4749 p.
764 4682 820 4733 126.
