3709 5634
398 637 439 704 10
764 640 767 645 '
828 653 942 704 cervr
963 655 1111 705 rnruvu.

340 856 342 861 -
397 807 520 872 illustri
533 808 691 893 magistro
713 807 893 895 discipulus
915 809 1075 876 illustrior
1089 808 1136 874 M.
1153 808 1328 875 Terentius
1343 810 1499 896 Varro1),
1525 835 1545 877 a

330 1804 359 1818 d·

398 932 462 996 quo
486 907 720 998 huncquoque
743 910 938 998 disciplinae
959 920 1087 999 partem
1107 911 1245 976 mirifice
1265 921 1397 978 auctam
1417 935 1491 979 esse
1512 924 1545 980 et

398 1020 653 1076 consentaneum
673 1022 725 1077 est
745 1021 778 1078 et
797 1034 840 1078 ex
859 1013 953 1079 libris
974 1014 1044 1078 eius
1066 1013 1148 1078 satis
1169 1021 1313 1097 constat,
1340 1016 1445 1080 secuti
1468 1025 1546 1081 sunt

397 1112 456 1178 alii
470 1112 653 1200 complures
669 1136 772 1200 usque
787 1115 831 1180 ad
846 1115 992 1202 Augusti
1006 1115 1183 1201 aetatem2)
1192 1163 1202 1198 ,
1227 1125 1265 1216 ut
1285 1115 1420 1182 Servius
1437 1115 1545 1204 Sulpi·
1627 1199 1634 1210 Ι

399 1215 469 1280 oius
494 1215 618 1298 Rufus,
648 1215 687 1281 L.
715 1215 864 1299 Cincius,
893 1216 1049 1282 Aurelius
1076 1215 1222 1304 Opilius,
1253 1217 1386 1282 Sinnius
1414 1217 1545 1306 Capito,

397 1317 515 1382 Ateius
531 1317 668 1404 Capito,
689 1319 855 1385 Antistius
869 1319 1000 1402 Labeo,
1016 1317 1130 1384 Aelius
1146 1317 1282 1403 Gallus,
1298 1319 1435 1386 Verrius
1452 1322 1545 1388 Flac·

399 1440 457 1484 cus
465 1419 549 1502 ,alii
566 1458 600 1468 —
620 1442 701 1507 quos
716 1420 890 1509 plerosque
904 1442 969 1485 non
984 1421 1110 1488 minore
1125 1423 1196 1486 iure
1208 1417 1430 1507 grammaticis
1443 1422 1545 1488 adnu-

399 1543 505 1586 meres
528 1533 627 1610 atque
648 1522 878 1590 iureconsultis
885 1521 912 1607 ³)
931 1546 984 1587 -ε
1013 1521 1068 1608 qui
1087 1543 1146 1610 pro
1168 1546 1203 1588 se
1224 1525 1361 1612 quisque
1383 1525 1547 1591 etiamad

398 1623 481 1708 legis
501 1619 672 1690 scientiam
691 1625 823 1712 penitus
844 1623 1059 1690 hauriendam
1080 1623 1205 1711 aliquid
1227 1624 1444 1703 contulerunt.
1481 1624 1548 1692 Sed

403 1725 445 1792 ab
469 1726 536 1809 eis,
562 1726 620 1815 qui
640 1727 770 1792 omnino
791 1726 826 1790 in
847 1726 955 1811 legem
975 1726 1232 1813 inquisiverunt,
1257 1737 1409 1794 accurate
1425 1726 1547 1794 discer-

403 1827 504 1891 nendi
519 1837 604 1910 sunt,
630 1830 687 1916 qui
702 1829 815 1893 dedita
830 1851 931 1915 opera
946 1851 1018 1894 eam
1034 1830 1279 1896 commentariis
1303 1831 1546 1896 instruxerunt:

397 1929 486 2014 quod
506 1929 683 1995 discrimen
704 1952 804 2016 saepe
828 1952 945 2016 parum
966 1931 1179 1997 observatum
1203 1931 1291 1998 infra
1314 1930 1545 2013 illustrabitur,

400 2029 459 2096 ubi
473 2030 515 2095 de
530 2032 611 2118 ipsis
628 2032 699 2098 XII
713 2031 900 2098 tabularum
914 2031 1150 2119 interpretibus
1166 2034 1262 2119 plura
1276 2033 1462 2120 exponam.¹

484 2133 629 2200 Istorum
636 2157 714 2201 vero
720 2133 1010 2219 grammaticorum
1022 2156 1141 2221 operae
1152 2157 1191 2200 ac
1204 2136 1363 2202 beneficio
1375 2144 1548 2222 acceptum

399 2233 607 2300 referendum
623 2247 685 2318 est,
702 2235 789 2322 quod
804 2258 870 2301 non
884 2235 992 2300 solum
1006 2235 1166 2324 quidquid
1180 2237 1282 2324 prisci
1297 2236 1415 2304 coloris
1430 2238 1465 2302 in
1476 2236 1549 2322 lege

400 2335 572 2402 etiamtum
593 2337 763 2403 resederat
783 2346 1015 2403 conservatum
1030 2346 1081 2402 est
1096 2336 1263 2424 multaque
1279 2337 1448 2404 intellectu
1463 2337 1563 2402 diiii--

401 2435 516 2502 ciliora
529 2437 614 2504 bene
629 2439 786 2520 enodata,
809 2438 868 2504 sed
891 2439 980 2525 quod
996 2438 1128 2504 omnino
1145 2439 1326 2526 deperditis
1342 2438 1424 2525 legis
1441 2461 1549 2506 exem·

399 2537 547 2626 plaribus
573 2539 700 2628 aliquot
723 2540 841 2606 saltem
866 2540 1053 2625 fragmenta
1076 2550 1191 2606 nostra
1220 2540 1352 2606 saecula
1380 2540 1549 2608 viderunt.

401 2640 487 2706 Nam
512 2651 673 2730 quotquot
697 2665 783 2708 nunc
812 2651 990 2728 supersunt
1015 2642 1086 2708 XII
1109 2641 1297 2710 tabularum
1326 2643 1430 2709 verba
1447 2641 1549 2730 ¹apud

402 2743 579 2829 scriptores
594 2754 723 2827 veteres
739 2744 792 2809 hio
807 2743 876 2808 illio
889 2743 1071 2826 recondita,
1087 2766 1126 2810 ea
1138 2745 1180 2810 ab
1192 2743 1257 2808 illis
1270 2743 1426 2831 pleraque
1439 2745 1550 2810 omnia

401 2844 598 2911 descendere
619 2848 737 2935 quovis
757 2847 896 2934 pignore
916 2846 1150 2912 contenderim.
1181 2844 1279 2928 Quod
1299 2855 1337 2911 ut
1351 2847 1385 2910 in
1400 2845 1548 2934 reliquiis

401 2945 492 3033 apud
505 2947 641 3014 Festum
656 2948 787 3015 traditis
804 2957 920 3035 sponte
935 2947 1058 3030 elucet,
1078 2948 1126 3012 ita
1146 2947 1236 3014 cadit
1257 2948 1357 3012 etiam
1373 2947 1408 3011 in
1421 2957 1547 3013 ceteras

400 3047 455 3113 vel
475 3049 563 3134 apud
584 3049 747 3117 litteratos
770 3050 917 3115 homines
943 3059 980 3116 ut
999 3047 1143 3114 Plinium
1163 3047 1301 3116 Gellium
1323 3048 1474 3116 Servium
1495 3047 1550 3115 vel

401 3149 489 3236 apud
503 3152 742 3220 iureconsultus
758 3161 918 3219 servatas.
957 3149 1141 3237 Numquae
1162 3149 1227 3215 fuit
1240 3151 1444 3238 insequentis
1461 3139 1547 3218 beta-

400 3251 443 3315 tis
465 3251 610 3336 indoles,
633 3254 809 3340 scriptores
829 3253 865 3317 in
886 3251 988 3319 varia'
1001 3251 1156 3316 scientiae
1171 3253 1309 3316 materia
1323 3241 1550 3318 coacervanda

401 3373 441 3417 ac
469 3353 675 3439 disponenda
703 3355 853 3441 occupati
883 3363 1062 3420 sementem
1098 3375 1119 3418 a
1154 3353 1319 3439 prioribus
1357 3353 1548 3420 auctoribus

470 3592 492 3657 ¹)
511 3595 548 3645 cf.
568 3593 665 3646 Cicero
683 3594 761 3645 Brut.
780 3596 822 3659 56,
840 3595 900 3646 205.

468 3676 490 3743 ²)
509 3678 629 3745 Augusti
651 3683 745 3731 aetate
768 3694 851 3745 quam
874 3679 979 3730 fuerint
1002 3682 1120 3746 accepta
1145 3679 1216 3730 haec
1246 3677 1339 3729 studiis
1361 3679 1487 3730 novimus
1511 3696 1546 3730 ex

402 3764 514 3814 Horatii
531 3765 567 3816 ad
584 3766 738 3832 Augustum
755 3766 878 3831 epistula
894 3765 924 3815 11
942 3767 965 3828 l,
985 3767 1018 3816 23
1038 3779 1079 3829 sq.
1168 3798 1179 3809 -

503 3850 548 3901 Sic
562 3852 654 3916 fauctor
669 3855 780 3902 veterion
798 3848 848 3915 (sc.
866 3848 1010 3916 populus),
1028 3857 1055 3900 at
1074 3849 1172 3899 tadmor
1188 3865 1299 3914 peccare
1316 3856 1445 3910 vetantes,

504 3934 572 3997 Quas
589 3937 628 3988 bia
645 3939 754 4004 quinque
770 3937 820 3988 riri
835 3943 992 3993 sammai,
1009 3935 1121 3998 foedera
1138 3951 1225 4000 repam

507 4023 557 4073 Vei
574 4023 662 4075 Gabiis
678 4026 719 4074 vel
734 4039 789 4074 oron
804 4023 896 4088 rigidis
913 4028 1024 4087 aequata
1042 4019 1159 4080 Sabinis,

379 4125 381 4128 ⁴
459 4171 461 4173 g
503 4109 653 4173 Pontificum
669 4109 760 4166 libros,
778 4122 876 4158 annosa
893 4109 1018 4158 notamina
1034 4111 1117 4157 natum
1168 4153 1169 4156 ,

502 4192 611 4246 Dtctitet
628 4195 730 4247 Allato
748 4193 839 4244 Maras
856 4194 883 4242 in
899 4199 982 4243 monte
1001 4194 1108 4243 locutae.

403 4275 512 4328 Seneca
530 4284 612 4345 epist.
631 4279 719 4332 CXIV
738 4281 769 4329 13
791 4279 870 4328 Malli
890 4293 926 4328 en
943 4278 1027 4328 alieno
1044 4277 1128 4328 seculo
1149 4280 1240 4340 petunt
1261 4275 1351 4338 anta,
1371 4275 1434 4326 XII
1450 4277 1551 4330 tabulae

402 4366 550 4427 loquantur:
570 4365 700 4416 Gracobn
716 4366 767 4415 illia
784 4370 810 4415 et
829 4362 938 4414 Oraaaoe
955 4370 980 4412 et
994 4361 1069 4414 Ourio
1086 4364 1158 4413 nimis
1176 4362 1237 4412 culti
1253 4367 1280 4412 et
1296 4367 1413 4411 recentes
1429 4370 1497 4422 aunt,
1515 4365 1552 4414 ad

405 4450 518 4515 Appium
534 4465 612 4515 arque
630 4458 657 4502 et
675 4450 859 4502 Coruncanium
875 4449 992 4501 redeant.

470 4532 494 4596 ⁸)
513 4535 550 4585 ct.
569 4535 604 4586 de
622 4535 743 4586 Antistio
761 4535 893 4586 Labeone
911 4533 1086 4598 potissimum
1105 4532 1211 4584 Gellius
1228 4531 1296 4582 XIII
1316 4533 1365 4596 10,Ι
1377 4533 1400 4580 1.
1430 4532 1549 4586 Omnino

404 4621 461 4671 ista
479 4625 571 4673 aetate
590 4621 643 4673 hae
661 4620 797 4672 scientiae
814 4635 869 4670 non
881 4624 939 4670 tam
952 4619 1037 4668 certis
1049 4617 1150 4668 finibus
1162 4619 1235 4668 inter
1247 4632 1277 4668 se
1290 4616 1446 4668 disiunctae
1460 4622 1549 4670 erant.

404 4705 441 4758 ci.
460 4707 631 4761 Mercklinus
648 4707 678 4757 in
695 4705 840 4773 Philologo
857 4705 923 4756 xv1
943 4705 991 4754 168
1010 4717 1069 4770 sqq,
