3709 5634
767 687 1002 737 clevatum.
1172 706 1180 715 ·
1395 675 1455 738 141

867 842 899 906 2.

399 960 431 1007 er
453 960 626 1007 usussnvu
648 958 790 1024 aurem,
813 959 849 1005 ru
872 958 944 1005 cvu
965 960 1010 1006 uo
1033 959 1153 1026 racis,
1177 960 1282 1007 mmo
1306 960 1403 1009 asro.

304 1130 306 1139 ’
397 1162 496 1211 urnv
518 1164 664 1213 svsmvu
688 1164 719 1213 sr
742 1163 783 1211 os
806 1162 934 1210 sunem
960 1163 1090 1212 umuno
1114 1163 1193 1230 ccc,
1223 1164 1389 1213 s1snnvo
1413 1164 1457 1213 cu

313 1263 457 1311 sonuere
480 1265 605 1314 svmro
630 1249 937 1331 [suerunmonvut

314 1420 493 1472 ‘Iniuriarum
512 1422 585 1473 actio
605 1426 653 1479 aut
670 1421 734 1487 lege
753 1426 801 1471 aut
819 1436 893 1472 more
907 1425 956 1471 aut
967 1420 1051 1473 mixto
1064 1423 1123 1473 iure
1136 1422 1295 1474 introducta
1308 1429 1359 1475 est.
1378 1426 1456 1491 Lege

315 1503 461 1556 duodecim
479 1507 637 1557 tabularum
655 1506 688 1557 de
707 1507 822 1557 famosis
845 1506 1025 1567 carminibus,
1044 1508 1172 1557 membris
1194 1511 1282 1574 ruptis
1300 1516 1328 1560 et
1348 1510 1456 1560 ossibus

312 1590 430 1645 fractis'
465 1593 564 1643 Festus
583 1609 608 1657 p.
623 1593 671 1643 181
684 1592 721 1640 M.
741 1592 993 1642 ‘occentassint
1012 1589 1072 1656 (lep.
1092 1591 1326 1658 occentassit)
1347 1595 1456 1658 antiqui

315 1674 448 1726 dicebant
471 1677 543 1742 quod
561 1691 635 1726 nune
659 1677 813 1727 conuicium
837 1676 939 1726 fecerit
962 1676 1092 1740 dicimus,
1114 1676 1185 1742 quod
1207 1678 1236 1727 id
1255 1678 1329 1728 clare
1349 1684 1377 1728 et
1396 1694 1478 1752 eum*

314 1759 430 1824 quodam
450 1778 550 1812 cauere
568 1760 613 1825 fit,
631 1764 663 1811 ut
681 1760 778 1827 procul
797 1758 921 1811 exaudiri
939 1762 1035 1825 possit.
1066 1762 1138 1826 quod
1155 1766 1234 1828 turpe
1252 1762 1372 1813 habetur
1390 1764 1455 1827 quia

313 1859 367 1894 uon
386 1848 448 1897 sine
468 1862 553 1897 causa
571 1846 631 1897 fieri
648 1850 781 1911 putatur.’
817 1845 938 1895 Thomae
957 1846 1040 1897 Thes.
1060 1862 1120 1899 nou.
1140 1846 1221 1898 latin.
1241 1863 1266 1912 p.
1280 1850 1330 1898 398
1341 1848 1379 1896 Μ.
1398 1852 1456 1897 ‘oe-

315 1934 429 1981 centare
448 1931 523 1982 clare
544 1934 572 1981 et
590 1936 685 1995 aperte
704 1932 877 1981 conuitiare.’

382 2016 407 2065 2.
427 2016 529 2067 Festus
542 2034 568 2081 p.
580 2018 630 2067 363
642 2015 679 2064 Μ.
699 2015 736 2080 (p.
751 2016 783 2065 72
795 2014 931 2079 Momms.)
949 2015 1087 2067 ‘Talionis
1099 2018 1266 2068 mentionem
1284 2016 1343 2068 fieri
1360 2017 1390 2066 iu
1402 2016 1456 2068 XlI

312 2098 353 2149 ait
364 2100 480 2151 Verrius
497 2101 550 2152 hoc
568 2099 660 2151 morlo:
680 2100 725 2150 ‘si
743 2137 749 2152 .
769 2138 776 2153 .
796 2140 802 2153 .
822 2139 829 2151 .
848 2098 946 2163 Neque
963 2099 991 2149 id
1010 2100 1075 2165 quid
1093 2101 1232 2166 significet
1249 2102 1370 2165 iudicat,
1389 2105 1455 2166 puto

313 2184 377 2248 quis.
398 2189 493 2235 uotum
518 2190 576 2237 est:
599 2185 735 2251 permittit
758 2184 829 2234 enim
852 2183 898 2233 lex
920 2200 1016 2248 parem
1034 2186 1206 2237 uindictam)
1245 2187 1353 2239 Gellius
1371 2188 1405 2237 N.
1423 2186 1456 2239 A.

312 2266 362 2317 XX
382 2271 411 2334 1,
432 2272 450 2319 4
468 2270 618 2322 ‘Nonnulla
642 2273 735 2319 autem
754 2270 783 2318 in
805 2269 868 2318 istis
886 2268 996 2332 legibus
1013 2286 1067 2320 nec
1085 2272 1238 2323 consistere
1257 2272 1366 2337 quidem
1384 2272 1458 2321 sicut

312 2350 368 2402 dixi
385 2355 449 2404 uisa
467 2362 545 2418 eunt,
568 2353 646 2405 uelut
667 2354 718 2404 illa
741 2353 786 2404 lex
803 2353 916 2403 talionis
939 2355 1017 2404 cuius
1040 2355 1127 2405 uerba
1148 2358 1204 2407 nisi
1225 2359 1358 2407 memoria
1380 2356 1457 2406 fallit

312 2435 382 2487 haec
400 2443 479 2488 sunt:
498 2440 542 2489 ‘si
560 2476 567 2489 .
587 2477 593 2490 .
614 2442 632 2488 .'
657 2439 693 2488 el.
713 2439 744 2500 ἓξ
762 2441 794 2490 33
813 2453 872 2505 sqq.
895 2439 961 2489 XVI
980 2441 1020 2502 10,
1039 2440 1055 2489 8
1078 2440 1159 2503 (Tab,
1178 2443 1192 2493 1
1215 2442 1248 2495 fr.
1268 2441 1320 2504 10).
1357 2442 1457 2492 Festus

311 2537 338 2585 p.
350 2523 400 2572 264
412 2523 451 2572 M.
470 2525 598 2589 ‘rupsit
614 2525 644 2573 in
657 2522 787 2589 (rupitias
799 2526 856 2575 cod.
869 2540 939 2575 corr.
951 2523 1030 2587 Saul.)
1044 2524 1098 2575 XII
1112 2524 1253 2590 signifieat
1267 2527 1393 2576 damnum
1411 2527 1457 2577 de-

312 2604 403 2657 derit’
432 2608 518 2659 Gaius
535 2610 603 2662 lust.
615 2609 659 2659 111
676 2610 726 2661 223
744 2609 850 2659 ‘Poena
868 2611 961 2658 autem
979 2609 1142 2659 iniuriarum
1160 2626 1194 2660 ex
1206 2610 1269 2675 lege
1281 2611 1335 2660 XII
1346 2610 1456 2661 tabula·

313 2704 370 2745 rum
393 2696 508 2760 propter
524 2688 674 2743 memb'rum
693 2692 801 2759 quidem
820 2697 930 2758 ruptum
947 2692 1016 2743 talio
1041 2696 1120 2743 crat’
1155 2694 1193 2744 id.
1210 2695 1279 2745 Inst.
1296 2696 1327 2759 4,
1345 2696 1375 2760 4,
1395 2695 1410 2753 ἕ
1429 2698 1454 2746 7.

312 2776 416 2830 Paulus
431 2770 507 2829 Sent.
521 2779 569 2829 cit.
583 2778 655 2828 adl.
675 2778 711 2828 ct.
729 2778 891 2828 Priscianus
908 2793 936 2842 p.
954 2780 1003 2827 709
1021 2777 1079 2827 Ρ.Ι
1096 2793 1125 2842 p.
1138 2779 1235 2829 25411.
1255 2779 1344 2829 ‘Cato
1362 2784 1457 2829 tamen

312 2875 341 2911 os
358 2863 476 2927 protulit
498 2865 528 2913 iu
545 2862 601 2913 IIII
625 2862 769 2927 Originum
796 2859 834 2928 [p.
853 2864 883 2913 17
908 2862 975 2913 fae
997 2858 1100 2927 Iord.]:
1125 2862 1154 2912 si
1177 2864 1252 2927 quis
1275 2866 1455 2915 membrum

312 2946 402 3011 rupit
426 2952 485 2998 aut
508 2962 543 2997 os
562 2948 681 3012 fregit,
706 2947 837 2998 talione
853 2947 1027 3012 proximus
1051 2951 1219 3012 cognatus
1244 2948 1453 2999 ulciscitur.’

304 3027 420 3093 .(lsirlor.
438 3034 487 3087 Or.
503 3034 527 3085 V
544 3034 587 3098 27,
605 3031 658 3097 24.)

339 3150 344 3169 t
377 3119 402 3167 3.
425 3115 656 3187 eottat.11e,5.
684 3115 788 3167 Paulus
806 3116 824 3166 l.
844 3115 946 3181 singul.
964 3116 1140 3167 ‘Iniuriarum
1152 3118 1237 3168 actio
1258 3122 1307 3168 aut
1330 3118 1455 3183 legitima

313 3204 421 3252 estant
439 3202 596 3256 honoraria.
621 3201 760 3267 Legitima
778 3218 811 3252 ex
829 3200 891 3267 lege
910 3200 1054 3251 duodecim
1073 3201 1242 3252 tabularum:
1262 3204 1307 3267 qui
1324 3203 1453 3253 iniuriam

312 3298 514 3311 Q...-

396 3360 425 3416 2.
448 3360 562 3417 menbrti
575 3360 658 3416 Gellii
671 3358 742 3432 Rep.
764 3348 843 3415 rubris
865 3358 945 3416 Voss.
960 3362 1028 3415 min.
1092 3361 1183 3433 rupsit
1200 3362 1309 3431 scripsi
1321 3375 1360 3416 ex
1374 3360 1457 3418 Festi

312 3441 371 3499 loco
381 3462 415 3517 p.
434 3449 493 3501 264
509 3464 526 3501 a
543 3444 689 3518 Scaliqero
704 3450 843 3511 correcto,
860 3451 890 3499 ut
906 3445 992 3500 uoluit
1010 3444 1160 3500 Turnebus
1174 3445 1245 3502 Ado.
1261 3446 1325 3502 XV
1338 3450 1389 3501 15:
1404 3464 1454 3503 ru-

312 3528 352 3599 pit
368 3530 605 3605 Geliiusrapserit
620 3531 700 3585 Festi
710 3534 809 3601 p.363
822 3530 903 3585 codd.
918 3528 980 3585 Vct.
998 3532 1075 3584 1549
1091 3533 1175 3585 2731.
1194 3532 1266 3604 rapit
1280 3531 1343 3587 cod.
1360 3532 1454 3589 Ursiu.

313 3612 489 3671 EclMediol.
505 3634 533 3672 a.
544 3620 618 3671 1510
627 3616 702 3670 uude
712 3615 799 3687 rupsit
812 3614 932 3669 Ursinus
943 3615 1058 3687 rupitias
1071 3612 1119 3690 (cu
1132 3615 1243 3688 ‘rupsit'
1255 3612 1292 3691 iu)
1302 3616 1382 3672 Festi
1391 3619 1454 3673 eod.

309 3713 340 3766 p.
361 3705 421 3756 294
448 3699 558 3773 (rupitia
580 3699 667 3755 Pauli
685 3713 749 3755 erce.
770 3699 843 3771 rupit
865 3698 891 3752 iu
912 3697 1104 3754 Mommsenus
1124 3699 1200 3755 Mus.
1223 3700 1304 3756 rheu.
1326 3701 1378 3772 pit.
1394 3702 1457 3757 XV

311 3797 340 3850 u.
358 3779 441 3859 494).
492 3786 581 3840 uicum
598 3784 667 3840 Geli.
683 3783 755 3856 Rep.
765 3801 815 3855 pr.
833 3786 875 3852 (ui
890 3786 1014 3850 videtur)
1039 3784 1118 3840 Voss.
1132 3786 1200 3840 miu.
1216 3784 1334 3841 SGerm.
1350 3788 1376 3841 in
1391 3804 1452 3843 curra

313 3865 394 3923 Festi
414 3869 477 3925 Vut.
495 3872 571 3925 1549
593 3870 681 3925 uisum
703 3885 764 3924 eum
784 3868 841 3923 Ed.
856 3884 907 3939 pr.
922 3866 1000 3925 Med.
1021 3884 1110 3924 meum
1133 3865 1171 3944 (s.
1192 3864 1272 3943 meti)
1295 3870 1365 3926 Gell.
1381 3871 1453 3943 Rep.

313 3943 363 4005 m.²
378 3955 429 4010 dit.
503 3970 536 4009 eo
556 3956 629 4028 pacit
643 3955 761 4009 Festus:
782 3960 879 4027 epacte
903 3946 927 4027 (e
947 3962 1027 4026 pacto
1048 3953 1110 4025 dit.)
1128 3954 1210 4009 Gellii
1222 3955 1295 4010 libri.
1318 3957 1345 4010 iu
1361 3972 1421 4011 eum
1438 3975 1452 4012 e

313 4044 390 4106 pacto
409 4038 530 4095 Gentius.
601 4033 674 4114 este]
698 4046 740 4094 est
760 4039 841 4094 Festi
861 4036 923 4093 Vct.
942 4041 1027 4093 1549.
1113 4038 1141 4095 3.
1163 4055 1243 4094 mauu
1259 4038 1360 4095 lustiue
1381 4042 1403 4095 si
1421 4059 1453 4097 os

312 4119 511 4180 Lacbmunuus
528 4128 556 4179 in
569 4124 672 4179 Aurrul.
687 4126 786 4179 scierit.
798 4125 854 4179 iur.
869 4122 936 4178 bist.
947 4123 979 4178 X
989 4126 1043 4178 311
1049 4144 1059 4177 .·
1074 4122 1233 4180 maniiestos
1248 4126 1309 4180 eorl.
1333 4124 1452 4183 Verceil.

313 4208 470 4265 manifestus
493 4208 574 4265 Vind.
591 4206 629 4282 (iu
644 4209 741 4264 Berol.
763 4224 805 4264 vu.
826 4207 938 4264 luerunt
958 4216 987 4263 et
1006 4208 1137 4281 speciales
1155 4240 1192 4247 —
1209 4209 1291 4282 tregit
1306 4208 1370 4281 om.)
1391 4210 1450 4267 illa:

314 4286 353 4344 ‘si
369 4295 429 4366 quis
446 4310 477 4349 os
493 4293 624 4349 Blumius
650 4293 709 4349 illa:
726 4289 818 4348 ‘ruane
833 4292 900 4349 lusti
916 4293 940 4347 si
956 4309 986 4347 os
1002 4292 1179 4349 Huseblrius.
1246 4290 1451 4371 trecento(rum)

314 4373 336 4427 si
356 4376 559 4435 Lucbmauuus
580 4376 650 4455 (‘si'
670 4380 726 4433 ium
749 4379 879 4433 Blumius
899 4371 992 4451 udd.):
1014 4386 1152 4435 trecentos
1175 4378 1257 4434 Vere.
1272 4378 1370 4435 Beroi.
1392 4380 1452 4435 CCC

321 4456 399 4519 Viml.
417 4466 530 4519 trecenti
546 4461 610 4540 (om.
627 4456 660 4537 si)
677 4462 845 4519 Husclilcius
856 4463 944 4519 Gaius
953 4479 985 4533 p.
999 4467 1062 4518 118.
1120 4458 1173 4539 ct]
1191 4463 1224 4519 ad
1246 4463 1327 4520 Viurl.
1384 4481 1451 4538 pce·
1512 4488 1524 4511 ·

314 4556 372 4599 natu
388 4546 495 4604 subitur
510 4566 542 4604 ex
561 4548 704 4604 tertiorum
725 4550 823 4605 Beroi.
842 4549 923 4604 Vere.
939 4564 1055 4621 poenam
1070 4564 1123 4604 om.
1138 4549 1257 4619 reliquis
1279 4548 1360 4605 Vinii.
1375 4552 1452 4607 uude

316 4624 480 4688 Huscblrius
500 4649 587 4707 picena
602 4630 636 4696 ἶ,
652 4638 670 4692 i.
686 4648 711 4690 e.
726 4650 813 4709 pecua
834 4641 926 4690 sunto.
988 4635 1178 4690 sestertiorum
1193 4640 1223 4689 ut
1237 4634 1326 4692 Pauli
1339 4636 1450 4691 additu·

315 4722 434 4771 meatum
449 4720 562 4773 seclusi.
