3709 5634
429 603 470 671 82
843 615 956 666 caevr
978 617 1157 678 ovsarvu.

431 772 675 861 comparatione
689 772 830 858 probare
846 772 993 856 contigit.
1024 771 1118 836 Idem
1136 793 1215 836 vero
1237 793 1296 835 suo
1316 770 1388 835 iure
1403 770 1467 836 huc
1482 794 1573 837 revo-

430 878 520 943 cavit
534 882 757 945 ‘armcssori'as'
772 897 831 962 pro
848 873 1087 939 ‘admissarius'
1103 872 1234 957 exlege
1249 873 1357 938 Salica
1370 895 1404 959 p.
1416 874 1457 939 96
1475 874 1575 962 Lasp.

432 978 649 1065 (armesariu'
666 978 754 1064 apud
769 975 965 1062 Valachos):
982 998 1067 1063 quae
1084 999 1152 1041 vox
1169 974 1268 1039 fidem
1282 975 1364 1039 facit
1377 976 1413 1039 in
1427 998 1575 1042 sermone

430 1081 561 1167 vulgari
576 1080 747 1167 antiquum
761 1102 857 1145 usum
872 1088 909 1145 ut
924 1078 1007 1144 solet
1021 1076 1075 1144 vel
1096 1076 1220 1143 diutius
1244 1077 1426 1143 obtinuisse
1446 1078 1501 1143 vel
1524 1078 1575 1143 (16

431 1206 496 1249 nuo
517 1184 691 1251 revixisse.
720 1182 849 1247 Pariter
865 1189 1006 1267 ‘arger',
1028 1203 1093 1268 qua
1108 1181 1215 1244 forma
1235 1179 1480 1266 antiquissimos
1501 1202 1577 1245 usos

433 1308 504 1351 esse
530 1309 594 1351 uno
620 1285 784 1350 Prisciani
815 1283 1003 1349 testimonio
1030 1283 1201 1364 docemur,
1232 1283 1268 1346 in
1295 1280 1447 1368 populari
1477 1282 1577 1347 medii

432 1389 506 1455 aevi
521 1388 683 1454 latinitate
698 1387 928 1469 resuscitatur,
945 1386 987 1450 cf.
1000 1385 1121 1450 Ohron.
1135 1386 1277 1451 Estense
1288 1384 1339 1449 ed.
1355 1407 1384 1449 a
1396 1385 1478 1451 1288
1496 1385 1578 1470 (Mu-

432 1490 534 1556 ratori
548 1490 666 1577 Script.
682 1490 724 1555 It.
739 1488 806 1553 XV
821 1488 898 1576 339)
915 1493 1032 1551 ‘Padus
1045 1527 1087 1535 —
1099 1490 1197 1567 frepit
1210 1496 1345 1567 arqeres'
1362 1497 1395 1552 61
1415 1486 1578 1553 vocabula

434 1592 625 1678 ‘arginalis',
643 1592 851 1677 ‘arginarius'
873 1592 908 1655 in
924 1590 970 1655 du
985 1589 1103 1675 (langii
1113 1589 1224 1656 Gloss.
1240 1614 1267 1655 s.
1279 1614 1328 1674 v.;
1344 1612 1383 1655 ac
1397 1590 1532 1655 transiit
1545 1592 1578 1653 in

371 1689 376 1707 ¹
434 1694 593 1762 Italorum
618 1717 716 1760 usum
736 1695 902 1779 largius&
928 1691 1116 1777 ‘arginale'
1152 1692 1223 1758 Nec
1250 1692 1290 1757 de
1316 1698 1476 1770 ς6666616ι’,
1497 1714 1579 1779 quae

433 1804 546 1863 ‘sella
569 1803 777 1877 qrrodrir'uqr's’
804 1795 990 1883 explicatur
1015 1817 1069 1881 ap.
1090 1794 1206 1859 Thom.
1226 1818 1259 1881 p.
1280 1795 1339 1878 50,
1367 1802 1468 1859 ‘stella
1493 1799 1580 1859 valde

432 1904 604 1979 splendeus’
621 1900 702 1963 miro
719 1921 829 1964 errore
844 1920 896 1983 ap.
912 1896 1112 1982 Ugutionem
1133 1896 1191 1984 (cf.
1208 1896 1414 1981 ducangius
1431 1919 1459 1961 s.
1474 1899 1524 1981 v.)
1542 1934 1575 1944 —

433 2000 566 2065 aliunde
588 2002 676 2087 quod
697 2002 798 2065 sciam
817 2021 883 2063 non
909 1998 1053 2064 innotuit
1077 2037 1112 2046 —
1137 2021 1230 2063 secus
1255 2000 1467 2063 statuendum
1490 1998 1578 2063 vide·

433 2114 497 2168 tur.
508 2104 532 2191 ¹)
553 2102 668 2191 Itaque
682 2125 724 2167 ne
740 2101 870 2167 ‘ardo'
886 2101 1019 2188 quidem
1032 2100 1267 2187 probabilitate
1286 2110 1388 2166 caret.

519 2208 565 2269 At
580 2206 636 2291 qui
650 2203 815 2291 plerisque
831 2203 983 2271 omnibus
998 2203 1120 2268 criticis
1142 2212 1240 2290 atque
1255 2202 1438 2268 editoribus
1458 2202 1580 2289 placuit

433 2308 647 2393 imperativus
671 2311 804 2371 ‘duitor’
829 2346 867 2353 -
893 2315 931 2370 ut
950 2305 1076 2391 primus
1097 2306 1230 2391 scripsit
1249 2305 1437 2371 Gronovius
1453 2342 1495 2353 -
1511 2306 1578 2369 sive

434 2414 607 2471 ‘arduitor'
626 2446 660 2496 '.
679 2418 716 2472 ut
737 2430 811 2472 cum
833 2407 969 2473 Gifanio
991 2407 1125 2493 Lipsius
1140 2407 1247 2492 Epist.
1268 2408 1332 2487 Qu.
1347 2407 1385 2489 4,
1400 2407 1454 2471 27.
1475 2407 1578 2491 Leges

435 2509 611 2575 decemvir.
629 2514 648 2592 ξ
666 2509 706 2581 19
724 2548 759 2556 --
778 2512 927 2596 (11111166
943 2508 1101 2592 Ursinus,
1117 2515 1282 2574 ‘dividitor'
1298 2534 1331 2575 v.
1347 2512 1484 2573 ‘induor'
1500 2509 1578 2573 Tur-

434 2612 538 2678 nebus
554 2610 642 2677 Adv.
659 2611 779 2676 XVIII
793 2611 845 2675 29.
862 2610 986 2675 XXIX
1003 2614 1051 2695 il:
1066 2612 1096 2676 is
1111 2611 1234 2676 nullam
1250 2612 1380 2677 omnino
1396 2633 1417 2675 a
1431 2611 1579 2677 codicum

434 2714 591 2779 memoria
610 2724 667 2779 aut
686 2713 784 2778 fidem
805 2721 863 2778 aut
884 2714 1198 2779 commendationem
1212 2713 1329 2793 habet,
1348 2751 1382 2760 —
1401 2735 1479 2777 nam
1494 2712 1579 2800 quod

433 2816 667 2905 Dalecampius
685 2838 727 2881 ex
742 2826 881 2881 vetere
904 2814 1012 2882 libro
1033 2826 1127 2882 notat
1147 2822 1336 2892 ‘dividitor'‚
1357 2837 1469 2879 merae
1493 2814 1580 2880 docti

434 2918 605 2983 cuiusdam
621 2918 684 2985 viri
699 2918 904 2983 coniecturae
923 2918 1061 2984 debetur
1082 2918 1138 3004 (cf.
1156 2918 1196 2983 de
1211 2918 1275 2983 isto
1292 2927 1358 2983 vet.
1375 2916 1580 3003 Dalecampii

435 3018 583 3104 Silligius
597 3020 633 3107 in
646 3020 750 3107 praef.
768 3043 800 3106 p.
816 3020 966 3106 XXIX).
994 3006 1110 3107 Neque
1125 3022 1224 3085 istam
1238 3018 1427 3104 imperativi
1441 3018 1581 3084 formam

436 3122 490 3186 lex
515 3122 648 3188 novisse
674 3120 819 3191 videtur:
846 3122 881 3185 in
908 3146 973 3209 qua
998 3124 1063 3189 fuit
1082 3124 1135 3187 13
1160 3127 1332 3187 ‘iumentum
1352 3127 1467 3198 duto',
1493 3121 1581 3187 1114

437 3228 543 3288 ‘limos
554 3229 658 3301 farris
672 3230 749 3288 endo
765 3230 828 3289 dies
844 3230 939 3289 dcto.
969 3233 997 3290 si
1010 3233 1086 3291 colet
1095 3232 1167 3304 plus
1181 3230 1295 3302 dato',
1310 3224 1382 3289 XII
1396 3225 1418 3287 4
1434 3230 1581 3289 ‘arbitros

346 3390 352 3405 ,
436 3333 490 3390 tris
505 3330 619 3403 dato'‚
635 3324 670 3389 X
685 3326 705 3390 9
722 3335 806 3391 ‘neve
821 3348 929 3391 aarum
943 3333 1095 3392 addito?

467 3427 470 3433 ’
521 3428 626 3513 Atqui
640 3450 708 3493 non
721 3426 828 3492 minus
843 3451 895 3493 me
909 3428 1020 3494 iudice
1034 3427 1159 3493 fallitur
1173 3429 1230 3515 qui
1245 3434 1372 3493 ‘duitor'
1387 3438 1445 3494 aut
1460 3434 1581 3494 ‘ardui-

436 3538 503 3594 tur'
530 3530 830 3597 coniunctivum
861 3532 1136 3617 interpretaturus
1168 3540 1232 3596 est:
1262 3530 1391 3614 ε(16161,
1422 3531 1580 3598 ardetun’

506 3824 526 3891 ¹)
546 3823 679 3875 Consulto
697 3825 846 3891 segregavi
864 3824 986 3891 glossam
1003 3824 1043 3875 VI
1060 3840 1087 3889 p.
1106 3825 1156 3875 509
1174 3824 1210 3874 Μ.
1230 3824 1381 3875 ‘Arsacio
1398 3840 1443 3874 aas
1460 3826 1582 3875 61666166

438 3927 486 3976 qao
505 3912 586 3961 uinum
604 3911 640 3959 ad
657 3926 718 3973 aras
735 3910 865 3974 [6661661
884 3936 919 3947 -
938 3913 966 3959 61
984 3909 1063 3973 hinc,
1083 3910 1193 3975 opinor,
1213 3911 1242 3959 in
1260 3908 1401 3959 Glossario
1425 3909 1582 3961 latino-ita·

436 3996 493 4045 lico
513 3996 569 4060 (ap.
588 3994 624 4044 du
644 3993 778 4061 cangium
798 4010 820 4049 s.
839 3994 876 4061 v.)
897 3997 1042 4045 ‘araeria
1059 4011 1188 4046 auocare
1207 3997 1238 4045 de
1255 3996 1342 4045 vino’:
1365 4010 1428 4044 nam
1447 4000 1479 4045 ut
1496 3996 1582 4046 liceat

438 4080 466 4129 in
484 4080 536 4130 hoc
555 4079 692 4130 vocabulo
712 4082 825 4131 ‘seriam’
845 4093 999 4146 agnoscere
1016 4104 1052 4116 -
1069 4079 1103 4129 de
1122 4095 1177 4144 qua
1195 4079 1232 4129 cf.
1251 4078 1321 4129 Cato
1339 4094 1361 4132 r.
1380 4095 1402 4129 r.
1423 4082 1466 4132 12,
1494 4082 1581 4132 Varro

437 4179 459 4213 r.
477 4179 497 4213 r.
517 4168 542 4229 3,
561 4166 587 4223 2,
606 4166 631 4218 8.
650 4164 741 4215 Plaut.
762 4164 842 4230 Capt.
861 4168 891 4229 4,
909 4166 936 4228 4,
955 4169 970 4217 9
991 4165 1041 4230 al.,
1066 4169 1160 4215 tamen
1183 4166 1249 4229 quin
1267 4163 1399 4215 mendoso
1418 4166 1582 4217 exhibeatur

436 4262 486 4313 pro
505 4250 637 4312 ‘ecferret
654 4248 767 4300 dubium
784 4250 832 4299 vix
851 4250 905 4301 crit
923 4250 1030 4301 collata
1046 4250 1129 4300 Pauli
1146 4250 1241 4315 glossa
1258 4251 1327 4305 Exc.
1345 4267 1371 4316 p.
1392 4252 1423 4299 11
1441 4252 1480 4301 Μ.
1500 4253 1581 4316 ‘arfe-

436 4334 478 4382 616
495 4350 564 4398 apua
586 4350 650 4399 quae
673 4336 765 4398 inferia
782 4335 910 4385 libabatur
929 4332 977 4398 (id.
997 4351 1041 4401 ap.
1059 4336 1154 4385 Thom.
1172 4351 1199 4401 p.
1212 4335 1255 4399 56)
1274 4338 1345 4386 dicta
1361 4352 1378 4385 a
1392 4336 1513 4398 ferendo,
1530 4339 1581 4387 siae

436 4433 481 4466 vua
508 4417 570 4477 6161,
595 4420 665 4483 quod
688 4422 772 4470 sacris
793 4420 987 4479 adhibebatur’,
1011 4420 1048 4472 id.
1073 4420 1164 4472 Gloss.
1182 4421 1272 4471 Labb.
1297 4422 1426 4484 ‘adferial
1446 4420 1525 4487 ὕδωρ
1547 4420 1581 4471 τὸ

436 4499 483 4552 ἐπὶ
500 4505 562 4553 τοῖς
581 4506 691 4567 νεκροῖς
709 4502 934 4567 επενδόμενον’;
954 4506 991 4559 cf.
1009 4505 1106 4556 'Phom
1124 4522 1151 4571 p.
1170 4508 1220 4557 292
1239 4506 1351 4568 ‘inferta
1367 4508 1521 4570 sacrficium
1543 4510 1580 4556 in-

435 4586 578 4649 fernalibus
593 4588 707 4651 sactum)
742 4590 802 4641 Nec
820 4590 909 4655 magis
928 4590 1007 4640 iuvat
1029 4594 1156 4655 repetere
1174 4590 1263 4641 Pottii
1280 4591 1313 4640 de
1333 4591 1444 4641 ‘arista'
1464 4592 1500 4641 ab
1520 4593 1579 4643 ‘ar'

437 4675 465 4724 et
478 4670 597 4729 ‘stando'
610 4672 726 4723 oriunda
739 4680 922 4726 commentum
935 4676 1010 4725 omni
1021 4674 1200 4728 fundamento
1213 4676 1376 4726 destitutum
1388 4674 1418 4740 (l.
1432 4691 1458 4728 c.
1470 4693 1497 4741 p.
1511 4675 1578 4740 398).
