3709 5634
437 606 481 671 64
586 624 588 627 ·
856 617 1157 667 1111111111111.

438 774 570 843 tabulae
594 770 753 839 insertam
776 773 880 839 fuisse
903 794 971 841 uon
995 783 1046 856 est
1071 772 1160 859 quod
1183 770 1258 838 hinc
1278 768 1453 836 concludat
1473 770 1582 836 Goctt·

437 877 559 963 lingius
587 878 622 941 in
646 878 727 965 reip.
755 877 847 941 Rom.
871 876 994 941 admin.
1013 872 1090 940 hist.
1121 897 1154 961 p.
1174 873 1249 941 315.
1290 873 1401 960 Atque
1423 872 1584 948 fastorum

439 979 707 1046 decemviralium
736 1001 820 1067 quae
852 978 952 1043 fuerit
975 978 1060 1043 ratio
1091 999 1166 1041 cum
1189 984 1320 1043 vetusto
1347 974 1476 1041 Numae
1501 998 1583 1041 anno

440 1092 717 1169 comparatorum,
740 1080 883 1169 aliquam
899 1090 988 1147 certe
1007 1078 1192 1167 augurandi
1203 1100 1322 1144 ansam
1336 1077 1478 1144 Ovidius
1494 1100 1584 1166 prae-

439 1185 497 1265 bet
511 1222 552 1232 -
568 1186 630 1251 etsi
646 1176 687 1251 de
703 1185 773 1250 eius
794 1176 860 1249 fide
881 1182 1053 1249 dubitatur
1066 1219 1109 1229 -
1122 1182 1214 1247 Fast.
1231 1180 1268 1246 Π
1281 1179 1423 1247 47-541
1491 1262 1497 1275 ⁸

590 1292 653 1354 Sed
665 1299 763 1353 tumen
777 1274 895 1365 antiqui
907 1308 945 1351 ne
959 1292 1075 1351 nescius
1089 1290 1303 1351 nanneno
1317 1321 1359 1331 -

639 1394 773 1466 Primus,
788 1402 821 1453 ut
834 1400 889 1469 est,
904 1392 978 1453 Iani
989 1394 1097 1458 mensu
1110 1398 1140 1453 et
1152 1397 1222 1451 aute
1233 1390 1306 1463 fuit.

595 1496 654 1569 Qui
666 1498 799 1571 sequitur
813 1496 940 1569 Ianuar,
955 1497 1060 1556 retnis
1071 1494 1136 1568 fuit
1148 1496 1268 1555 ultimus
1282 1495 1372 1553 anni:

604 1667 608 1671 ,
638 1598 682 1659 Tu
697 1616 812 1675 quoque
825 1614 998 1672 suanum,
1019 1596 1163 1669 Termine,
1175 1598 1246 1670 finis
1260 1612 1338 1657 eras

592 1701 713 1763 Primus
727 1704 804 1763 enim
819 1702 892 1763 Iani
905 1704 1026 1775 11111111,
1041 1702 1222 1777 anicianae
1235 1702 1337 1777 prima
1351 1706 1410 1762 est.-

601 1858 603 1863 ,
637 1804 695 1876 Qui
707 1822 793 1867 sacer
807 1812 851 1866 est
864 1806 932 1865 imis
945 1804 1096 1873 manibus,
1112 1799 1188 1864 imus
1201 1810 1285 1864 aar:

591 1908 746 1968 Postmodo
761 1900 927 1969 creduntur
940 1909 1038 1983 spatio
1052 1908 1196 1967 distantia
1210 1909 1297 1982 lonae

511 2076 513 2081 ,
636 2009 783 2086 Tempora
797 2010 841 2071 tis
855 2012 942 2085 quini
953 2011 1141 2071 continuasse
1155 2011 1215 2069 oiri
1228 2054 1236 2071 .
1255 2052 1262 2065 .

438 2109 558 2197 quibus
575 2106 755 2175 Merkelius
777 2110 813 2173 in
833 2108 981 2195 prolegg.
998 2107 1152 2175 LXXIX
1172 2106 1324 2173 adhibuit
1342 2106 1448 2173 Servii
1474 2106 1590 2172 locum.

438 2212 481 2277 ad
496 2211 595 2297 Verg.
612 2210 673 2276 Ge.
689 2210 777 2293 143,
794 2211 976 2278 Varronem
990 2211 1026 2275 in
1040 2210 1181 2298 Epistol.
1198 2208 1335 2292 Quaest.
1352 2216 1441 2275 ‘iuter
1455 2229 1582 2275 merrsan

439 2318 639 2377 Februarium
654 2318 706 2391 qui
719 2322 788 2377 tunc
803 2325 878 2383 esset
890 2323 1042 2394 exiremus
1055 2325 1085 2379 et
1098 2320 1175 2378 inter
1188 2318 1348 2377 Kalendas
1361 2316 1493 2378 Martias
1508 2334 1584 2392 quae

438 2428 509 2481 tunc
522 2428 610 2479 eram
621 2420 757 2495 primae'
773 2438 817 2480 so.
833 2416 1064 2498 intercalatum
1078 2415 1192 2498 fuisse,
1208 2416 1248 2481 de
1263 2415 1458 2482 decemviris
1475 2414 1584 2480 dicere

438 2526 540 2583 ratus.

522 2618 646 2687 Verum
666 2618 732 2707 ipsi
747 2620 826 2687 fasti
849 2621 1018 2707 qualesin
1038 2620 1110 2707 lege
1130 2621 1307 2708 perscripti
1322 2628 1430 2702 erant,
1451 2619 1523 2686 fere
1537 2620 1583 2689 in·

436 2722 520 2808 tegri
535 2722 579 2789 ad
593 2731 740 2789 nostram
754 2732 897 2789 aetatem
912 2733 1143 2812 pervenerunt.
1159 2723 1321 2788 Nimirum
1335 2724 1370 2787 in
1384 2720 1583 2788 calendariis

324 2818 327 2823 ’
437 2847 521 2911 quae
536 2825 636 2911 vulgo
659 2825 814 2891 dicuntur
834 2824 974 2912 lapideis
991 2825 1142 2891 Caesaris
1164 2835 1198 2891 et
1211 2825 1358 2910 Augusti
1378 2834 1488 2891 aetate
1510 2846 1583 2891 con·

437 2926 533 2993 fectis
550 2950 686 3013 eaquae
702 2936 891 2993 constanter
906 2928 1088 2994 maioribus
1108 2927 1227 2993 litteris
1243 2936 1436 3010 exarantur,
1459 2928 1490 2992 si
1504 2950 1583 3015 pau·

437 3028 570 3119 cissima
585 3028 754 3117 exceperis
771 3052 853 3117 quae
869 3030 911 3096 ab
927 3028 993 3094 illis
1014 3030 1267 3117 imperatoribus
1283 3039 1406 3097 novata
1421 3051 1494 3095 esse
1509 3053 1583 3097 con-

437 3140 504 3197 stat
518 3169 561 3180 -
575 3132 751 3217 pristinum
766 3154 887 3197 annum
902 3132 1038 3197 aNuma
1052 3142 1151 3221 atque
1166 3132 1359 3199 decemviris
1372 3133 1584 3199 constitutum

438 3242 471 3299 et
483 3234 645 3299 intactum
659 3256 718 3321 per
733 3233 856 3301 liberae
875 3234 1075 3322 reipublicae
1095 3246 1245 3323 tempora
1264 3243 1432 3302 servatum
1451 3256 1581 3323 reprae-

438 3344 567 3400 sentare
596 3336 768 3401 verissima
799 3337 1050 3404 ratiocinatione
1074 3338 1300 3405 Mommsenus
1328 3338 1456 3403 invenit
1482 3336 1583 3425 Oorp.

437 3438 541 3501 Inscr.
556 3437 629 3503 Lat.
645 3459 678 3523 p.
693 3438 754 3503 361
772 3462 858 3526 sqq.:
877 3440 929 3503 cui
943 3441 993 3505 rei
1007 3450 1138 3527 praeter
1152 3442 1259 3528 ipsam
1274 3440 1462 3506 tabularum
1481 3441 1518 3506 in
1532 3442 1583 3507 bis

439 3538 707 3626 aequabilitatem
723 3550 755 3606 et
769 3562 829 3627 par
844 3541 972 3607 dierum
987 3542 1147 3608 festorum
1161 3544 1448 3631 nundinorumque
1469 3566 1581 3610 nume·

437 3662 493 3705 rus
509 3649 542 3707 et
558 3640 762 3728 antiquitatis
778 3643 923 3728 vestigia
945 3644 980 3707 in
995 3644 1160 3710 scribendi
1174 3666 1292 3731 genere
1301 3646 1326 3733 ¹)
1343 3647 1583 3734 verborumque

438 3742 633 3809 formatione
649 3740 825 3831 conspicua
840 3756 916 3833 apte
931 3748 1142 3814 conveniunt.
1171 3748 1242 3813 Hos
1257 3748 1361 3833 igitur
1375 3748 1481 3815 fastos
1487 3797 1498 3832 ,
1514 3749 1582 3835 qui·

438 3846 586 3923 busiure
601 3856 711 3911 monet
725 3846 808 3911 nihil
824 3867 896 3913 esse
916 3849 952 3912 in
971 3850 1127 3915 universa
1145 3873 1255 3916 rerum
1269 3850 1495 3916 Romanarum
1516 3873 1581 3915 me·

436 3948 541 4014 moria
556 3957 722 4015 vetustate
737 3950 916 4035 insignius,
939 3974 982 4016 ex
1001 3950 1140 4040 lapideis
1162 3952 1420 4039 exemplaribus,
1436 3955 1582 4018 maxime

436 4048 629 4133 Maffeian0‚
647 4050 829 4138 descriptos
851 4061 883 4117 et
902 4053 944 4118 ad
958 4077 1108 4131 normam
1129 4078 1149 4119 a
1163 4056 1365 4145 Mommseno
1379 4058 1583 4143 propositam

437 4152 540 4237 p.368
551 4175 622 4239 sqq.
638 4152 899 4220 accommodatos
914 4194 956 4203 —-
972 4178 992 4220 a
1007 4179 1070 4243 quo
1083 4157 1252 4223 discedere
1266 4158 1360 4223 nefas
1375 4158 1476 4223 fuerit
1489 4197 1533 4208 —
1547 4158 1581 4220 in

404 4322 407 4327 ,
440 4254 615 4321 undecima
630 4254 743 4323 tabula
758 4255 927 4323 collocavi.

505 4514 526 4580 ¹)
546 4516 581 4566 cf.
599 4518 682 4567 notas
695 4517 745 4568 EN
761 4536 796 4563 =
814 4516 1019 4584 111111111111111,
1033 4521 1109 4572 b0=
1120 4520 1261 4573 nefastus:
1281 4523 1377 4587 quain
1388 4524 1456 4573 nota
1467 4521 1579 4572 Momm·

438 4614 521 4657 senus
538 4618 565 4667 p.
586 4602 636 4651 367
655 4598 795 4666 (chronol.
818 4621 845 4670 p.
865 4606 925 4668 233)
950 4608 1168 4657 vetustissimum
1192 4611 1300 4672 signum
1323 4607 1353 4658 N
1365 4627 1400 4651 =
1416 4608 1442 4660 N
1464 4606 1578 4673 agnovit

438 4684 529 4737 simile
547 4688 626 4753 signo
645 4686 682 4738 nu
697 4704 746 4754 pro
764 4689 800 4739 M.
875 4723 879 4729 .
