3709 5634
414 596 454 661 86
828 606 940 654 curvr
964 606 1142 668 Qvnarvu.

414 765 612 851 accipiamus
628 784 693 828 non
707 762 790 848 pati:
813 784 854 825 ne
876 762 962 827 ratio
985 760 1118 847 quidem
1138 760 1278 847 patitur,
1300 760 1365 825 nisi
1388 753 1474 825 forte
1488 780 1560 845 pro·
1594 832 1597 837 ,

413 865 525 933 babile
552 866 650 931 ducas
672 863 817 929 radicem
838 862 982 949 aliquam
1004 884 1113 927 secum
1134 862 1239 949 ipsam
1256 863 1419 951 componi.
1452 863 1560 948 Atque

415 993 452 1035 eo
470 990 598 1056 quoque
618 966 705 1031 unde
725 965 865 1051 profecti
889 986 999 1028 sumus
1016 963 1116 1031 Plinii
1137 963 1207 1031 loco
1223 986 1289 1029 non
1306 968 1480 1028 ‘arduitur'
1497 964 1561 1049 pri·

414 1072 513 1136 mitus
530 1070 608 1151 fuit,
632 1068 688 1133 sed
706 1073 920 1132 ‘arduuitur‘:
943 1088 1006 1153 quo
1028 1067 1118 1132 ducit
1139 1076 1269 1153 praeter
1291 1065 1450 1131 disertum
1467 1064 1561 1131 Tole-

416 1172 485 1237 tani
497 1170 872 1236 testimonium‘duuitnr'
880 1171 1066 1234 coniectura
1074 1167 1294 1250 fortasse,sed
1304 1190 1384 1234 vera
1397 1168 1562 1250 effectum,

416 1274 592 1360 praecipue
607 1273 763 1335 mendosa
779 1271 884 1335 Paris.
900 1294 950 1357 pr.
966 1294 1009 1334 m.
1025 1281 1057 1335 et
1073 1269 1274 1336 Chiifletiani
1289 1270 1453 1357 scriptura
1467 1274 1564 1334 ‘diui-

417 1380 520 1439 ditur.’
553 1374 645 1455 Quae
671 1396 722 1437 res
749 1394 828 1437 sane
854 1382 1035 1437 memoratu
1057 1372 1250 1456 dignissima
1275 1382 1342 1454 est,
1368 1374 1565 1458 praesertim

417 1499 491 1541 cum
505 1476 571 1541 iam
583 1475 691 1540 Plauti
708 1484 814 1540 aetate
830 1474 1055 1561 productionis
1069 1474 1103 1537 in
1118 1475 1191 1539 istis
1207 1474 1321 1539 formis
1333 1472 1462 1539 nullum
1474 1482 1565 1539 extet

417 1578 605 1662 vestigium.
635 1576 677 1641 cl.
694 1577 768 1642 Cas.
786 1576 872 1659 118,
891 1578 933 1641 43
955 1583 997 1641 ‘ei
1015 1598 1071 1655 epo
1092 1573 1206 1641 omnem
1221 1596 1351 1640 umorem
1370 1598 1467 1641 meum
1489 1596 1564 1641 con-

416 1683 539 1745 crcdui'
559 1717 593 1727 —
612 1700 687 1743 nam
702 1679 817 1743 horum
833 1701 961 1765 quoque
977 1679 1154 1744 verborum
1165 1678 1302 1743 eandem
1317 1700 1389 1743 esse
1403 1679 1565 1743 rationem

385 1820 389 1827 ·
419 1782 453 1845 in
468 1790 582 1868 aperto
599 1790 658 1845 est.
688 1784 798 1867 Atque
814 1802 856 1844 ex
871 1780 989 1845 Plauto
1010 1789 1140 1866 praeter
1160 1779 1196 1844 id
1215 1779 1303 1866 quod
1323 1802 1423 1866 supra
1443 1802 1564 1847 memo·

333 1942 336 1947 .
416 1883 490 1948 ravi
516 1882 700 1969 exemplum
726 1884 792 1947 iam
818 1905 857 1947 ea
877 1904 1006 1968 quoque
1026 1891 1098 1947 tuto
1118 1882 1182 1947 huc
1202 1884 1388 1947 revocanda
1409 1893 1504 1964 sunt,
1532 1884 1565 1945 in

418 1984 537 2070 quibus
571 1993 660 2048 recte
687 1984 775 2049 God.
800 1984 1009 2048 Hermannus
1036 1985 1183 2049 futurum
1209 1994 1242 2049 et
1273 1984 1474 2071 perfectum,
1501 2005 1565 2048 non

419 2107 573 2171 praesens
590 2074 739 2171 agnovit:
758 2084 852 2171 Capt.
871 2085 970 2168 1115,
987 2086 1028 2150 36
1044 2090 1187 2161 ‘Quando
1206 2106 1261 2165 epo
1281 2096 1308 2150 te
1328 2093 1474 2166 exemptis
1488 2107 1564 2166 pes-

418 2192 509 2251 sumis
523 2194 700 2252 cruciavero
720 2191 815 2266 Atpue
829 2192 864 2251 ob
878 2195 990 2253 sutelas
1005 2198 1072 2251 tuus
1093 2198 1120 2251 te
1134 2195 1222 2251 morti
1241 2194 1363 2266 misero,
1393 2194 1447 2253 Vel
1466 2200 1494 2253 te
1514 2194 1564 2251 in-

419 2294 526 2353 terisse
541 2297 587 2353 uel
603 2296 719 2369 perisse
736 2294 927 2369 praedicent,
949 2295 1028 2353 Dum
1045 2311 1168 2369 percus,
1189 2294 1265 2353 niitii
1284 2296 1462 2355 interduo
1483 2297 1567 2358 otuu

420 2396 540 2455 uiuere?
572 2390 647 2455 Aul.
664 2391 770 2473 1116,
786 2392 829 2455 49
850 2396 967 2466 ‘Fiden
989 2398 1096 2457 novisti
1115 2413 1162 2455 me
1181 2401 1211 2455 et
1222 2412 1278 2470 epo
1292 2402 1335 2455 te:
1356 2413 1430 2458 cunc
1450 2399 1492 2457 sis
1507 2396 1564 2469 tihi,

420 2496 463 2555 Ne
480 2493 538 2577 [tu]
556 2499 587 2557 iu
608 2514 653 2557 me
673 2499 840 2559 inmutassis
861 2513 981 2575 nomen,
997 2501 1030 2558 ci
1046 2499 1106 2558 noc
1122 2499 1356 2559 concrcduo.'
1386 2495 1510 2581 Amph.
1531 2493 1565 2559 II

419 2593 451 2675 2,
467 2594 510 2658 40
525 2600 563 2659 ‘si
575 2602 694 2659 situlum
709 2616 831 2675 cepero,
855 2601 1023 2674 Numquam
1037 2601 1146 2675 edepol
1164 2607 1196 2660 tu
1215 2601 1290 2660 miii
1303 2602 1398 2661 diuini
1416 2602 1565 2661 creduis

285 2720 295 2741 κ
415 2702 578 2776 posthunc
593 2702 686 2778 diem,
704 2702 744 2761 Ni
755 2718 809 2776 epo
824 2704 870 2761 illi
880 2708 985 2779 putee,
1000 2704 1029 2762 si
1040 2719 1163 2779 occepso
1168 2745 1177 2779 ,
1194 2705 1326 2763 animum
1340 2719 1454 2763 omnem
1470 2706 1565 2763 inter·

419 2808 566 2876 trauero’,
582 2800 699 2887 quibus
716 2798 802 2864 addo
818 2800 914 2867 Truc.
928 2799 964 2863 ΙΙ
978 2800 1008 2882 2,
1024 2801 1064 2865 51
1081 2809 1255 2879 ‘numquam
1269 2806 1375 2881 edepol
1387 2806 1462 2866 milti
1476 2804 1564 2877 Qun-

420 2920 509 2979 quum
523 2905 609 2965 tomo
623 2908 756 2965 mortuiis
773 2906 898 2981 postiae
918 2906 1049 2965 duarum
1069 2923 1171 2967 rerum
1184 2907 1352 2982 creduit,
1374 2907 1415 2967 Ni
1433 2910 1491 2968 istu
1513 2922 1565 2981 epo

419 3013 518 3068 uestra
532 3023 584 3067 ero
599 3011 707 3068 maiori
717 3004 803 3083 sueta
819 3009 1050 3069 denarrarem?
1256 2996 1264 3013 ⁸

504 3106 545 3169 In
569 3108 686 3171 ceteris
714 3114 822 3172 autem
843 3128 927 3193 quae
948 3105 1037 3192 apud
1056 3106 1210 3173 Plautum
1231 3107 1377 3195 aliosque
1396 3107 1566 3173 inveniun-

419 3218 489 3289 tur,
519 3230 658 3294 quorum
684 3208 883 3293 paucissima
908 3217 1037 3275 tantum
1061 3209 1270 3275 Hermannus
1301 3208 1426 3292 attulit,
1456 3219 1566 3275 utrum

421 3310 559 3394 perfecti
579 3332 621 3373 an
636 3311 819 3396 praesentis
835 3311 1065 3376 coniunctivus
1086 3311 1312 3397 intellegatur,
1334 3312 1393 3378 vix
1412 3334 1567 3399 umquam

423 3411 591 3476 diiudices.
635 3412 721 3477 Nam
747 3420 784 3475 ut
810 3433 888 3475 sane
914 3410 998 3475 nihil
1029 3412 1155 3495 obstat,
1182 3416 1355 3499 quominus
1384 3414 1566 3501 perfectum

422 3521 605 3578 statuamus
620 3512 655 3574 in
669 3511 807 3578 talibus:
834 3520 921 3577 ‘num
936 3518 1018 3594 quod
1031 3519 1115 3579 dedit
1128 3528 1189 3580 tam
1204 3521 1286 3581 duim
1301 3537 1389 3595 quum
1409 3520 1565 3595 perduim'

304 3692 306 3696 ,
421 3612 498 3678 Aul.
514 3613 562 3677 IV
577 3612 609 3695 6,
626 3614 667 3683 6.,
693 3616 793 3678 ‘ciuus
808 3626 838 3678 tu
853 3636 894 3678 un
908 3638 1068 3694 euunpure
1083 3624 1198 3683 ciccum
1212 3639 1271 3682 nou
1286 3624 1464 3683 interduim'
1480 3619 1566 3683 Rud.

421 3716 457 3780 ΙΙ
474 3716 503 3797 7,
519 3714 577 3799 22,
593 3714 635 3779 cf.
652 3716 745 3780 Trin.
761 3716 810 3781 IV
825 3717 856 3798 2,
876 3717 947 3781 152.
971 3723 1013 3783 ‘tu
1027 3724 1102 3783 milii
1114 3725 1271 3785 tricinium
1289 3724 1329 3785 Ob
1345 3740 1411 3785 eum
1426 3742 1464 3785 ne
1479 3726 1565 3794 deii,

421 3816 508 3881 Rud.
524 3816 555 3881 V
570 3817 600 3898 3,
619 3817 672 3899 12,
696 3820 738 3881 cf.
756 3817 851 3905 Oapt.
867 3817 903 3883 II
917 3819 949 3901 2,
966 3820 1018 3884 81.
1039 3820 1071 3885 V
1086 3822 1121 3902 2,
1137 3822 1190 3886 27.
1221 3828 1349 3888 ‘Mutum
1368 3828 1450 3902 quod
1468 3829 1518 3887 isti
1530 3826 1569 3885 lu·

421 3907 561 3998 Deaeque
580 3924 801 3984 omnes'duint'
822 3920 993 3985 Most-III
1017 3924 1049 4004 1,
1074 3922 1155 3995 125.
1174 3925 1251 3989 Ter.
1267 3925 1398 3990 Phorm.
1415 3925 1487 3990 946.
1518 3923 1566 3988 Pl.

423 4021 515 4086 Trin.
530 4020 567 4085 II
582 4022 618 4103 4,
635 4020 676 4085 35
692 4021 733 4085 al.
765 4025 915 4102 ‘Iuppiter
936 4033 963 4085 tc
979 4028 1119 4101 perduit'
1140 4025 1237 4111 Epid.
1254 4027 1272 4091 I
1289 4027 1323 4108 1,
1339 4026 1382 4090 64
1400 4029 1444 4090 cl'.
1466 4027 1564 4092 Poen.

422 4122 477 4186 III
496 4123 534 4205 4,
555 4123 598 4187 30
617 4122 658 4185 al.
690 4126 741 4186 ‘iu
766 4136 793 4187 te
807 4128 956 4203 perduint
963 4132 971 4158 '
995 4126 1109 4190 (ulcero
1132 4150 1163 4213 p.
1180 4116 1283 4193 Deiot
1303 4129 1340 4209 7,
1356 4128 1407 4191 21.
1440 4134 1566 4192 ‘utinum

422 4228 475 4287 tibi
488 4230 574 4287 istum
589 4239 713 4288 mentem
726 4229 765 4288 lii
778 4231 958 4289 immortates
972 4231 1059 4290 duint
1067 4235 1075 4261 '
1092 4227 1137 4291 id.
1153 4229 1187 4291 in
1199 4229 1296 4294 Catil.
1310 4229 1368 4311 19,
1379 4230 1437 4314 22;
1453 4230 1565 4295 cf.Ta·

344 4320 345 4323 '
422 4324 505 4389 citus
521 4326 609 4390 Ann.
625 4325 675 4390 IV
695 4326 737 4391 38
751 4364 794 4373 -
814 4326 903 4391 haud
923 4349 1016 4393 secus
1039 4349 1079 4392 ac
1098 4330 1219 4396 dicitur
1234 4335 1292 4394 ‘ln‘
1303 4337 1427 4395 meliora
1443 4336 1564 4408 suxint'

409 4448 448 4489 ·s.
476 4430 527 4491 ‘nt
554 4435 702 4493 mouerint
732 4434 857 4493 metiore
887 4438 977 4508 utque
1001 4437 1162 4496 amentium
1191 4439 1436 4497 auerruncussint
1468 4440 1563 4496 tuam’

421 4528 545 4593 Pacuv.
568 4551 620 4615 ap.
642 4530 781 4595 Paulum
801 4554 833 4617 p.
856 4532 918 4597 373
934 4555 991 4595 -:
1013 4532 1062 4599 ita
1077 4533 1153 4598 Aul.
1174 4534 1191 4598 I
1214 4537 1247 4617 1,
1268 4535 1310 4599 23
1331 4539 1496 4614 ‘Nimisque
1514 4556 1565 4613 epo

422 4635 501 4695 tunc
520 4640 616 4695 metuo
635 4639 713 4697 utute
741 4638 786 4697 Ne
809 4638 942 4698 mittere
961 4639 1078 4700 insidiis
1097 4641 1188 4701 uerba
1209 4642 1392 4719 imprudenti
1410 4642 1476 4703 duit
1503 4642 1564 4704 Neu
