3709 5634
403 625 449 684 32
821 632 935 680 creor
956 633 1133 679 aarum

404 792 583 856 verborum
609 811 695 874 quae
720 789 907 852 eommunia
926 788 1097 866 dicuntur,
1122 786 1159 850 id
1184 797 1236 852 ost
1260 786 1498 872 deponentium
1523 797 1558 851 et

405 893 517 958 active
529 902 564 956 et
576 893 711 978 prurire
723 900 958 976 usurpatorum
968 891 995 974 ¹)
1010 888 1054 952 ad
1067 889 1207 953 verbum
1220 888 1366 953 testandi
1381 889 1465 953 haec
1475 891 1559 954 citat

405 999 539 1058 ‘Aelim
559 998 685 1073 inputa
700 998 845 1072 Ιῶήρω
856 1015 921 1056 ease
934 1012 993 1054 arn
1011 1003 1106 1070 podest
1123 1013 1219 1070 reque
1236 999 1392 1055 namn.
1421 997 1559 1071 προδια-

410 1097 704 1180 ωρῐυρηθῆναϋῖ)
734 1100 882 1160 ‘laelius’
897 1104 975 1158 ante
988 1094 1163 1158 Hertzium
1178 1093 1377 1178 vulgabatur
1397 1116 1442 1158 ex
1461 1093 1558 1158 libris

408 1199 646 1264 deterioribus:
662 1209 699 1263 at
712 1220 787 1263 cum
795 1198 833 1262 in
841 1195 1141 1276 Halbersediensi,
1152 1219 1249 1283 qu·
1260 1197 1378 1261 ceteris
1387 1193 1559 1283 praetulit,

407 1300 565 1366 Krehliua
588 1301 729 1365 referret
752 1310 869 1365 extare
893 1306 1033 1376 ‘calm
1059 1298 1139 1362 inde
1163 1297 1202 1363 C.
1224 1297 1313 1364 Aelii
1336 1319 1456 1363 nomen
1481 1321 1559 1364 cnm

550 1404 704 1469 veritatis
718 1403 838 1489 specie,
852 1403 883 1466 ai
895 1411 1125 1486 argumentum
1139 1410 1280 1486 spectas,
1293 1402 1442 1488 reposuit
1452 1399 1558 1465 Lach-

319 1569 332 1588 ,
406 1527 546 1570 mannus
565 1506 602 1570 in
620 1505 744 1571 Annal.
763 1505 826 1570 iur.
848 1505 965 1570 sumt.
984 1504 1100 1568 histor.
1122 1502 1254 1567 x1116
1274 1506 1322 1586 (et
1340 1502 1557 1570 adGaiuurI

407 1609 496 1692 119).

491 1711 564 1776 Iam
577 1733 658 1776 vero
672 1733 749 1775 eum
761 1732 829 1775 non
842 1719 972 1774 tanum
985 1731 1059 1773 ease
1073 1707 1163 1774 illius
1184 1708 1308 1774 codicis
1323 1710 1556 1776 auctoritatem

406 1835 495 1879 nunc
506 1814 642 1901 quidem
655 1815 736 1878 eatis
750 1811 956 1898 exploratum
971 1810 1130 1898 nitidque
1147 1812 1257 1897 ipsum
1271 1834 1351 1875 num
1365 1819 1484 1876 ‘eoas’
1500 1835 1556 1877 ex-

407 1927 456 1982 er
469 1939 587 2003 pamm
601 1916 726 2001 nqueo
741 1914 801 1997 (cf.
814 1913 973 1978 Hermus
993 1914 1037 1978 ar
1050 1914 1106 1996 r),
1125 1936 1169 1977 ex
1187 1897 1556 1999 opemomm'mncum

406 2019 572 2106 scriptura
585 2023 725 2081 ‘nelias’
739 2055 784 2063 -
795 2038 883 2102 quae
894 2016 1012 2080 eadem
1026 2027 1078 2080 est
1096 2015 1132 2078 in
1146 2014 1341 2096 Quintiliani
1354 2016 1556 2104 Guelferby-

405 2131 484 2186 tano
508 2119 670 2206 simplicis
690 2118 833 2184 nominis
853 2117 1000 2182 ‘Aelius'
1019 2118 1187 2203 corruptio
1213 2157 1254 2164 —
1277 2111 1436 2182 Hertzius
1462 2118 1557 2183 dedit

406 2228 549 2298 ‘mimz
562 2222 605 2286 de
623 2243 660 2285 re
674 2222 778 2286 nihilo
791 2222 894 2285 setius
907 2220 1121 2284 Lachmanno
1141 2219 1406 2306 adstipulator)
1437 2219 1501 2285 oui
1514 2244 1556 2285 ne

406 2326 481 2411 ipse
494 2344 625 2410 quoque
643 2320 841 2409 adstipuler,
860 2333 993 2408 praeter
1011 2320 1095 2386 illud
1116 2321 1205 2407 quod
1223 2322 1320 2408 posui
1341 2321 1444 2387 Gellii
1464 2321 1555 2388 locus

408 2425 547 2490 facitis.
563 2427 607 2489 A.
621 2425 690 2489 XV
706 2426 761 2505 13,
777 2425 832 2487 ll:
853 2425 911 2510 qui
929 2445 1005 2488 cnm
1024 2422 1125 2510 plane
1145 2423 1261 2490 eodem
1280 2422 1418 2493 concilio
1438 2426 1555 2490 verbo-

406 2549 482 2592 rum
496 2527 716 2591 communium
729 2536 942 2612 conspectum
955 2535 1048 2612 agat,
1067 2525 1102 2588 in
1121 2543 1161 2592 eo
1180 2547 1318 2592 numero
1336 2536 1369 2590 et
1389 2528 1463 2614 ipae
1484 2550 1555 2592 ver-

406 2631 487 2695 bum
506 2627 598 2716 quod
616 2639 669 2694 eet
688 2635 813 2693 ‘taor'
832 2627 937 2694 refert
954 2625 1070 2693 addito
1090 2627 1241 2715 exemplo
1260 2651 1304 2693 ex
1324 2629 1396 2694 XII
1415 2629 1554 2695 tabulis:

407 2736 482 2807 ‘Qui
495 2752 530 2796 ae
545 2736 631 2795 αἐηἵ
648 2737 788 2795 testarier
807 2734 987 2810 lrhrr'peusoe
1003 2733 1116 2806 suffit,
1143 2736 1178 2793 ai
1194 2737 1389 2796 tamin
1405 2735 1555 2808 suriano,

406 2839 551 2915 mprobm
563 2837 792 2913 umidisque
804 2835 887 2897 esto?
915 2832 1014 2914 Quod
1029 2831 1060 2896 si
1078 2853 1153 2897 eum
1167 2833 1329 2898 Prisciani
1349 2832 1422 2900 loco
1443 2844 1555 2900 contu-

407 2936 505 3018 ieris,
518 2945 658 3023 utroque
672 2958 782 3000 raram
795 2957 912 3001 rocem
925 2939 1088 3014 ‘libripens
1093 2940 1115 3020 ἰ
1121 2936 1265 3000 iunctam
1279 2958 1354 3000 cum
1374 2957 1451 3001 raro
1472 2938 1555 3002 eins·

274 3056 280 3067 ·
408 3039 486 3103 dem
514 3038 610 3103 rerhi
638 3060 702 3102 usn
733 3038 869 3124 passivo
893 3035 1129 3122 deprehendis:
1160 3037 1240 3122 quid
1268 3037 1371 3122 igitur
1399 3036 1493 3102 aliud
1521 3040 1556 3102 in

408 3150 563 3228 promptu
576 3147 628 3204 est
640 3149 787 3204 statuere
799 3140 864 3203 nisi
878 3139 1018 3204 alterum
1032 3137 1076 3203 ad
1090 3136 1229 3202 alterurn
1244 3141 1409 3225 respicere
1421 3141 1471 3205 ita
1488 3141 1556 3227 qui·

409 3243 502 3324 dem,
526 3250 566 3306 ut
589 3241 673 3324 legia
697 3241 801 3306 rerba
822 3243 867 3307 ab
887 3239 983 3306 Aelio
1004 3241 1189 3304 accuratius
1211 3240 1356 3306 describi
1382 3241 1556 3308 dicantur?

412 3344 529 3430 Neque
543 3344 631 3408 enim
645 3343 741 3407 aliter
754 3343 892 3408 offensio
912 3340 1039 3407 tollitur
1052 3363 1151 3429 quarn
1170 3364 1236 3408 non
1250 3345 1322 3408 sine
1336 3365 1455 3408 caussa
1478 3367 1556 3410 non-

482 3585 504 3650 ¹)
521 3585 615 3636 Verbo
632 3599 840 3638 commemorem
857 3599 920 3636 eam
938 3583 1174 3636 enumerationem
1196 3585 1251 3635 etei
1267 3589 1343 3636 recte
1360 3585 1559 3638 Lachmannua

414 3669 539 3720 affirmat
555 3686 574 3720 a
591 3671 664 3724 hono
682 3675 796 3722 auctore
813 3675 909 3722 vetere
929 3670 1085 3736 prolectam
1104 3683 1179 3729 esee,
1200 3675 1294 3740 tamen
1314 3685 1389 3721 nunc
1410 3673 1480 3724 mire
1503 3679 1559 3724 tur-

410 3755 510 3806 hatam
532 3755 593 3822 legi
617 3771 653 3806 ac
673 3755 764 3807 rideri
789 3772 825 3806 ex
846 3755 953 3806 duobus
976 3755 1070 3821 potina
1094 3753 1219 3806 lontibus
1246 3755 1395 3807 conflatam
1422 3772 1502 3821 osae,
1525 3775 1559 3808 ex

415 3846 497 3907 parte
515 3842 601 3892 etiam
618 3841 830 3908 interpolatam
845 3855 931 3906 quam
948 3855 1006 3890 rem
1024 3839 1082 3890 alio
1092 3839 1163 3891 ioco
1180 3840 1292 3892 uberius
1309 3857 1470 3907 persequar.

481 3927 504 3991 ἵ)
522 3926 723 3992 upothrupopr.
742 3927 882 3978 Salmaaio
898 3931 1052 3991 praecunte
1064 3923 1269 3986 Laehmannus,
1287 3931 1318 3975 at
1336 3943 1371 3977 ea
1383 3931 1558 3980 correctione

413 4028 470 4063 uon
486 4028 556 4078 opua
574 4017 627 4066 eat.
662 4013 700 4063 et.
718 4011 872 4078 Porphyrio
889 4010 926 4061 ad
943 4010 1042 4060 Horat
1061 4008 1121 4060 Sat.
1140 4011 1154 4060 Ι
1171 4013 1202 4074 9,
1219 4012 1253 4060 65
1276 4016 1414 4062 ‘tutaturi
1435 4023 1475 4064 eat
1496 4030 1558 4078 erpo

412 4106 487 4148 ante
502 4100 610 4158 ualui,
627 4099 727 4149 scilieet
742 4106 877 4164 anteqm
893 4112 990 4146 mear
1008 4096 1127 4144 iricim’:
1145 4109 1218 4160 quae
1236 4095 1309 4148 male
1330 4100 1446 4148 vexavit
1466 4101 1559 4150 novis-

412 4185 498 4233 aimua
520 4184 619 4236 editor.
658 4183 838 4248 Eandemque
864 4180 1034 4234 sententiam
1059 4180 1185 4246 pluribus
1213 4183 1360 4247 exequitur
1385 4183 1559 4236 Ritaeheliua

411 4269 485 4318 ilua.
502 4268 544 4322 rh.
554 4269 610 4321 vn
626 4271 688 4321 tlt.
714 4269 887 4335 Quamquam
905 4267 999 4332 aptius
1016 4265 1046 4315 ui
1063 4265 1147 4318 fallor
1164 4281 1225 4316 oum
1243 4267 1356 4320 ‘catelo‘
1373 4269 1428 4319 hoc
1444 4270 1560 4320 verbum

413 4353 580 4420 coniungent
600 4361 633 4405 ut
649 4355 821 4421 praepositio
837 4369 891 4420 par
912 4353 951 4403 sit
968 4365 1087 4416 graeue
1104 4349 1173 4416 (lvd,
1196 4352 1283 4404 umhr.
1302 4369 1352 4406 au.
1388 4353 1424 4404 cf.
1443 4353 1558 4405 Lottne-

413 4453 462 4488 rua
478 4439 509 4489 iu
526 4438 621 4489 Kuhni
636 4439 736 4493 Annal.
753 4439 809 4492 vn
824 4455 852 4506 p.
869 4441 912 4488 tl.

481 4522 504 4586 ι)
520 4523 627 4574 Probat
647 4526 732 4576 etiam
753 4523 910 4576 Rudorlliua
932 4522 967 4572 n.
991 4522 1010 4570 i.
1029 4535 1051 4571 r.
1068 4521 1083 4572 1
1100 4537 1127 4588 p.
1145 4523 1196 4574 238
1214 4539 1248 4574 ac
1271 4529 1344 4575 ‘non
1365 4527 1427 4576 aine
1449 4523 1559 4576 dubita·

413 4609 510 4660 tioue’
525 4609 688 4660 Huaehlrioa
706 4609 762 4662 lur.
774 4615 832 4663 aut
850 4625 879 4676 p.
890 4609 938 4659 29:
956 4606 991 4657 de
1004 4606 1104 4658 Laelio
1115 4607 1211 4659 Felice
1230 4610 1314 4660 etiarn
1331 4610 1460 4677 intellegi
1477 4625 1558 4678 posse

415 4712 450 4748 ex
466 4695 599 4746 librorum
614 4692 668 4745 fide
684 4695 816 4762 opinatus
832 4711 860 4762 p.
879 4696 913 4744 ’13
929 4697 986 4746 not.
