3709 5634
875 648 1014 706 uiuum
1034 648 1111 725 uu.

511 916 616 983 Gaius
631 912 715 980 Inst.
730 913 840 999 1145.
864 913 967 978 ‘Nam
988 916 1146 981 furtiuum
1168 917 1228 1002 (sc.
1251 919 1335 1000 rem)
1359 911 1415 981 lex
1430 912 1568 982 XIIta-

426 1017 579 1085 bularum
600 1040 663 1082 usu
685 1018 759 1105 capi
780 1017 957 1103 prohibet!

512 1226 542 1287 1.
569 1222 704 1287 Tacitus
726 1222 814 1286 Anu.
836 1220 888 1285 VI
911 1222 961 1286 16.
990 1221 1091 1285 ‘Nam
1119 1224 1225 1308 primo
1253 1222 1427 1287 duodecim
1448 1223 1568 1289 tabulis

407 1334 592 1413 isaacium,
615 1346 656 1387 ne
679 1324 752 1410 quis
774 1323 923 1388 unciario
946 1323 1059 1387 fenore
1081 1323 1221 1410 amplius
1245 1330 1438 1389 exerceret?

510 1426 542 1490 2.
565 1425 648 1490 Cato
671 1424 712 1488 de
734 1447 761 1488 r.
777 1446 803 1488 r.
823 1447 872 1510 pr.
896 1425 1057 1489 ‘Maiores
1081 1426 1168 1489 enim
1190 1427 1295 1490 nostri
1317 1428 1364 1490 sic
1386 1426 1570 1492 habuerunt

425 1538 459 1593 et
480 1530 529 1592 ita
550 1528 584 1591 in
606 1526 734 1611 legibus
756 1527 951 1612 posiuerunt
965 1528 1073 1592 furem
1089 1526 1183 1613 dupli
1197 1528 1428 1610 condemnari,
1445 1528 1570 1593 fenera-

425 1640 532 1696 torem
555 1627 753 1715 quadrupli.'
1419 1615 1424 1625 ¹

972 1733 1023 1797 19.

508 1833 631 1898 Paulus
654 1834 743 1899 Sent.
766 1834 802 1897 II
826 1834 882 1915 12,
907 1836 958 1897 11.
981 1833 1064 1900 Ooll.
1088 1834 1195 1917 10,·7,
1219 1836 1270 1899 11.
1301 1834 1375 1899 ‘Ex
1396 1858 1499 1900 causa
1521 1835 1570 1899 de

422 1938 523 2023 positi
545 1934 616 2020 lege
639 1934 812 2000 duodecim
834 1935 1022 2000 tabularum
1043 1936 1078 1998 in
1101 1936 1238 2023 duplum
1259 1938 1346 2002 actio
1370 1938 1493 2003 datur?

970 2040 1022 2102 20.
1330 2090 1335 2097 .

510 2141 539 2203 1.
563 2138 677 2205 Cicero
700 2138 741 2203 de
764 2138 818 2204 off.
841 2138 895 2203 III
919 2141 975 2223 15,
998 2141 1038 2203 61
1063 2142 1186 2226 ‘Atque
1207 2143 1271 2205 iste
1294 2140 1389 2206 dolus
1411 2141 1519 2206 malus
1541 2151 1571 2205 et

423 2242 552 2328 legibus
575 2251 646 2306 erat
667 2240 870 2323 uindicatus,
899 2240 1062 2306 utrtutela
1092 2243 1140 2324 (in
1162 2242 1268 2320 tutela
1288 2244 1428 2330 Heinius)
1453 2243 1570 2307 duode

425 2345 489 2411 cim
513 2344 652 2424 tabuiis,
676 2344 948 2430 circumscriptio,
960 2344 1218 2409 adulescentium
1241 2344 1313 2430 lege
1334 2345 1518 2427 Plaetoria,
1541 2354 1572 2408 et

424 2449 496 2512 sinc
519 2447 598 2531 lege·
617 2446 772 2510 iudiciis?
950 2512 953 2516 ,

508 2550 539 2613 2.
563 2547 773 2634 Tryphonius
788 2546 809 2611 1.
826 2548 910 2613 XIV
924 2548 1059 2635 Disput.
1082 2550 1126 2614 D.
1142 2550 1194 2631 26,
1217 2550 1247 2631 ’1,
1270 2549 1323 2630 55,
1347 2550 1412 2629 §L
1438 2549 1524 2614 ‘Sed
1545 2549 1571 2612 si
1617 2556 1629 2579 ⁰

425 2652 490 2737 ipsi
505 2660 631 2715 tutores
653 2671 723 2713 rem
737 2649 856 2736 pupilli
877 2650 981 2715 furati
1004 2661 1090 2733 sunt,
1114 2650 1298 2732 uideamus,
1320 2672 1418 2714 anea
1435 2651 1570 2732 actione,

425 2774 510 2839 quae
531 2752 725 2839 proponitur
746 2774 788 2815 ex
810 2750 882 2835 lege
905 2752 1077 2817 duodecim
1098 2752 1286 2818 tabularum
1307 2752 1468 2816 aduersus
1489 2762 1570 2817 tuto·

426 2876 497 2919 rem
518 2855 554 2917 in
576 2854 727 2940 duplum,
751 2852 873 2937 singuli
895 2854 931 2917 in
952 2852 1093 2918 solidum
1115 2861 1312 2919 teneantur!

428 3029 632 3038 ——-—--

360 3188 364 3198 .
426 3148 446 3201 1.
462 3149 502 3198 IV
520 3147 557 3199 ad
573 3147 623 3198 Ed.
642 3148 677 3197 D.
696 3149 725 3209 2,
746 3148 791 3210 14,
812 3148 826 3197 7
845 3146 860 3206 ξ
878 3148 910 3195 14
928 3146 1015 3216 ‘Nam
1034 3150 1062 3197 et
1078 3146 1113 3197 de
1133 3147 1207 3196 furto
1224 3146 1332 3212 paciaci
1354 3146 1400 3197 lex
1416 3146 1571 3211 permittit’
1625 3123 1630 3132 ⁵

425 3236 477 3283 oid.
493 3232 637 3283 Huschkiua
653 3234 754 3282 ‘Gaius'
769 3235 827 3285 121.

497 3337 537 3388 17.
563 3336 649 3385 Gaius
667 3334 745 3384 1149
764 3334 862 3395 ‘Quod
885 3350 951 3399 ergo
976 3333 1060 3399 uulgo
1078 3333 1178 3383 dicitur
1200 3334 1366 3384 furtiuarum
1389 3350 1481 3383 rerum
1501 3337 1529 3383 et
1545 3332 1572 3382 ui

428 3435 619 3485 possessarum
641 3419 839 3484 usucapionem
861 3435 910 3483 per
934 3420 1026 3484 legem
1048 3420 1103 3468 XII
1126 3420 1284 3469 tabularum
1306 3420 1474 3484 prohibitam
1498 3421 1571 3468 esae’

428 3520 453 3553 e.
467 3521 492 3569 q.
507 3520 528 3553 a.
547 3504 611 3553 iudo
631 3506 698 3557 Inet.
711 3506 735 3563 2,
754 3504 770 3551 6
788 3505 884 3569 §2⁸sp
904 3504 991 3554 ‘Nam
1009 3504 1176 3553 furtiuarum
1194 3519 1285 3554 rerum
1303 3504 1348 3554 lex
1367 3503 1513 3553 duodecim
1531 3508 1573 3551 ta·

427 3590 554 3639 bularum
573 3594 602 3638 et
621 3589 666 3638 lex
685 3589 781 3638 Atinia
801 3588 910 3638 inhibet
931 3588 1142 3653 usucapionem,
1165 3589 1195 3637 ui
1215 3604 1408 3653 possessarum
1434 3588 1482 3638 lex
1503 3587 1572 3637 Iulia

429 3680 458 3725 et
474 3674 594 3724 Plautia
621 3672 693 3739 quod
711 3678 804 3723 eutem
822 3672 927 3735 dictum
946 3679 989 3723 est
1007 3674 1173 3723 furtiuarum
1191 3678 1220 3723 et
1236 3674 1267 3722 ui
1283 3686 1474 3744 poqessarum
1485 3687 1572 3722 rerum

428 3760 624 3824 usucapionem
647 3774 697 3824 per
719 3757 796 3823 leges
823 3757 929 3823 (legem
952 3775 966 3807 e
988 3760 1064 3808 codd.
1088 3762 1184 3824 aliquot
1205 3758 1383 3821 Schraderm)
1407 3758 1572 3822 prohibitam

429 3860 491 3896 ease
510 3860 533 3897 e.
547 3862 572 3910 q.
585 3847 619 3893 a’
656 3843 694 3895 ci.
712 3843 838 3893 Iulianus
856 3842 874 3892 l.
892 3842 983 3893 XLIV
999 3843 1063 3907 Dig.
1086 3843 1121 3891 D.
1141 3845 1187 3906 41,
1206 3847 1237 3906 3,
1255 3846 1289 3893 33
1305 3860 1348 3907 pr.
1366 3847 1448 3892 ‘nam
1468 3859 1503 3892 ex
1520 3856 1570 3905 qua

429 3946 516 3981 cauea
529 3930 591 3993 quis
610 3928 742 3979 ancillam
760 3932 937 3993 usucaperet,
955 3928 1010 3977 nisi
1027 3927 1074 3976 Iex
1092 3927 1237 3978 duodecim
1249 3928 1407 3978 tabularum
1419 3927 1468 3977 uel
1479 3927 1572 3976 Atinia

429 4017 566 4077 obstaret,
585 4030 618 4064 ex
637 4030 671 4063 ea
688 4030 775 4065 cauea
794 4029 908 4063 necesse
920 4012 971 4063 ‘est
988 4003 1245 4077 partumduaucapi'
1264 4029 1289 4066 e.
1306 4029 1332 4077 q.
1350 4026 1372 4062 a.
1408 4014 1470 4062 Lex
1481 4010 1572 4061 Atiniae

430 4117 474 4166 ap.
494 4100 613 4151 Gellium
624 4100 704 4150 XVII
723 4101 783 4157 'i‚l
803 4090 900 4159 ‘Quod
916 4098 1076 4163 subruptum
1094 4099 1160 4162 erit,
1180 4099 1239 4147 eius
1256 4100 1298 4147 rei
1316 4102 1432 4147 aeterna
1454 4096 1571 4147 auctori-

429 4189 473 4235 taa
491 4189 571 4239 esto)

497 4290 539 4341 20.
558 4286 693 4351 leianus
710 4286 730 4337 l.
749 4286 853 4339 XXXV
871 4285 907 4335 ad
919 4284 973 4336 Ed.
992 4288 1025 4336 D.
1044 4287 1086 4347 26,
1106 4288 1148 4350 10,
1167 4286 1249 4347 152
1269 4284 1318 4350 (id.
1336 4287 1407 4338 Inst.
1426 4287 1452 4349 1,
1470 4286 1504 4335 26
1521 4281 1571 4349 pr.)

429 4371 589 4422 ‘Sciendum
607 4376 651 4421 est
667 4373 789 4437 suspecti
807 4372 911 4421 crimen
934 4386 949 4419 e
967 4370 1030 4434 lege
1048 4370 1191 4421 duodecim
1209 4371 1367 4420 tabularum
1385 4369 1571 4421 descendere!
1604 4378 1613 4395 ‘

432 4458 468 4508 ci.
488 4456 585 4507 Cicero
598 4455 632 4507 de
649 4472 688 4507 or.
704 4458 717 4505 l
734 4458 776 4519 36,
791 4457 839 4505 166
854 4472 895 4521 aq.
913 4460 933 4507 ‘.
947 4492 954 4505 .
968 4494 975 4505 .
990 4472 1024 4505 ne
1044 4456 1068 4505 ia
1086 4472 1135 4520 pro
1155 4472 1207 4521 quo
1219 4458 1284 4521 ,ipee
1302 4456 1420 4516 diceret,
1440 4455 1514 4519 turpi
1531 4458 1572 4501 tu·

430 4541 506 4593 telae
519 4542 623 4591 iudicio
636 4546 720 4606 etque
734 4542 808 4591 omni
820 4541 951 4591 molestia
963 4540 1084 4589 stultitiae
1097 4541 1252 4591 aduersarii
1265 4541 1491 4590 liberaretur‘t...
1504 4536 1570 4604 quod

432 4626 505 4675 alter
522 4626 584 4691 plue
603 4626 665 4693 lege
685 4626 793 4691 agendo
812 4626 928 4691 petebat
940 4620 1028 4691 'quam
1049 4631 1182 4690 quantum
1200 4626 1246 4675 lex
1268 4625 1298 4674 in
1318 4626 1373 4675 XII
1391 4625 1496 4675 tabulis
1512 4618 1571 4690 per-

431 4712 568 4764 miserat)
