<?xml version="1.0" encoding="UTF-8"?>
<!DOCTYPE html PUBLIC "-//W3C//DTD XHTML 1.0 Transitional//EN"
    "http://www.w3.org/TR/xhtml1/DTD/xhtml1-transitional.dtd">
<html xmlns="http://www.w3.org/1999/xhtml" xml:lang="en" lang="en">
 <head>
  <title>
</title>
<meta http-equiv="Content-Type" content="text/html;charset=utf-8" />
  <meta name='ocr-system' content='tesseract 3.04.00' />
  <meta name='ocr-capabilities' content='ocr_page ocr_carea ocr_par ocr_line ocrx_word'/>
</head>
<body>
  <div class='ocr_page' id='page_1' title='image "./legisdvodecimta00schgoog_0040.png"; bbox 0 0 3709 5634; ppageno 0'>
   <div class='ocr_carea' id='block_1_1' title="bbox 796 575 1107 628">
    <p class='ocr_par' dir='ltr' id='par_1_1' title="bbox 796 575 1107 628">
     <span class='ocr_line' id='line_1_1' title="bbox 796 575 1107 628; baseline -0.019 -1"><span class='ocrx_word' id='word_1_1' title='bbox 796 578 908 628; x_wconf 79' lang='lat' dir='ltr'>CAPVT</span> <span class='ocrx_word' id='word_1_2' title='bbox 931 575 1107 623; x_wconf 83' lang='lat' dir='ltr'><strong>ALTERVM.</strong></span> 
     </span>
    </p>
   </div>
   <div class='ocr_carea' id='block_1_2' title="bbox 311 803 1529 1232">
    <p class='ocr_par' dir='ltr' id='par_1_2' title="bbox 311 803 1700 1344">
     <span class='ocr_line' id='line_1_2' title="bbox 722 803 1190 948; baseline -0.013 0"><span class='ocrx_word' id='word_1_3' title='bbox 722 870 894 948; x_wconf 80' lang='lat' dir='ltr'>OAPVT</span> <span class='ocrx_word' id='word_1_4' title='bbox 929 803 1190 946; x_wconf 76' lang='lat' dir='ltr'><strong>ALTERVM.</strong></span> 
     </span>
     <span class='ocr_line' id='line_1_3' title="bbox 311 1074 1529 1232; baseline -0.012 -34"><span class='ocrx_word' id='word_1_5' title='bbox 311 1225 316 1232; x_wconf 16' lang='lat'><strong>¹</strong></span> <span class='ocrx_word' id='word_1_6' title='bbox 382 1091 1121 1197; x_wconf 80' lang='lat' dir='ltr'><strong>ouuururruvsmrmumm</strong></span> <span class='ocrx_word' id='word_1_7' title='bbox 1138 1074 1529 1187; x_wconf 72' lang='lat' dir='ltr'><strong>turturinum.</strong></span> 
     </span>
    </p>
   </div>
   <div class='ocr_carea' id='block_1_3' title="bbox 329 1347 1702 4307">
    <p class='ocr_par' dir='ltr' id='par_1_3' title="bbox 383 1347 1558 2056">
     <span class='ocr_line' id='line_1_4' title="bbox 469 1347 1546 1439; baseline -0.008 -18"><span class='ocrx_word' id='word_1_8' title='bbox 469 1354 703 1439; x_wconf 79' lang='lat' dir='ltr'><strong>Quaestionem</strong></span> <span class='ocrx_word' id='word_1_9' title='bbox 722 1352 763 1418; x_wconf 93' lang='lat' dir='ltr'><strong>de</strong></span> <span class='ocrx_word' id='word_1_10' title='bbox 784 1352 849 1435; x_wconf 91' lang='lat' dir='ltr'><strong>eis,</strong></span> <span class='ocrx_word' id='word_1_11' title='bbox 873 1352 929 1439; x_wconf 90' lang='lat' dir='ltr'><strong>qui</strong></span> <span class='ocrx_word' id='word_1_12' title='bbox 948 1351 1034 1416; x_wconf 90' lang='lat' dir='ltr'><strong>inter</strong></span> <span class='ocrx_word' id='word_1_13' title='bbox 1055 1359 1183 1416; x_wconf 90' lang='lat' dir='ltr'><strong>veteres</strong></span> <span class='ocrx_word' id='word_1_14' title='bbox 1205 1348 1309 1434; x_wconf 84' lang='lat' dir='ltr'><strong>legem</strong></span> <span class='ocrx_word' id='word_1_15' title='bbox 1324 1347 1546 1435; x_wconf 88' lang='lat' dir='ltr'><strong>interpretati</strong></span> 
     </span>
     <span class='ocr_line' id='line_1_5' title="bbox 384 1449 1532 1546; baseline -0.011 -19"><span class='ocrx_word' id='word_1_16' title='bbox 384 1469 477 1542; x_wconf 89' lang='lat' dir='ltr'><strong>sunt,</strong></span> <span class='ocrx_word' id='word_1_17' title='bbox 510 1455 602 1546; x_wconf 82' lang='lat' dir='ltr'><strong>quod</strong></span> <span class='ocrx_word' id='word_1_18' title='bbox 630 1464 706 1543; x_wconf 90' lang='lat' dir='ltr'><strong>post</strong></span> <span class='ocrx_word' id='word_1_19' title='bbox 735 1454 949 1542; x_wconf 82' lang='lat' dir='ltr'><strong>Suringarum</strong></span> <span class='ocrx_word' id='word_1_20' title='bbox 986 1453 1094 1538; x_wconf 88' lang='lat' dir='ltr'><strong>(Hist.</strong></span> <span class='ocrx_word' id='word_1_21' title='bbox 1125 1451 1198 1518; x_wconf 89' lang='lat' dir='ltr'><strong>crit.</strong></span> <span class='ocrx_word' id='word_1_22' title='bbox 1229 1451 1394 1517; x_wconf 87' lang='lat' dir='ltr'><strong>scholiast.</strong></span> <span class='ocrx_word' id='word_1_23' title='bbox 1424 1449 1480 1516; x_wconf 89' lang='lat' dir='ltr'><strong>lat.</strong></span> <span class='ocrx_word' id='word_1_24' title='bbox 1514 1451 1532 1514; x_wconf 91' lang='lat' dir='ltr'>I</span> 
     </span>
     <span class='ocr_line' id='line_1_6' title="bbox 383 1553 1530 1653; baseline -0.01 -24"><span class='ocrx_word' id='word_1_25' title='bbox 383 1588 416 1653; x_wconf 90' lang='lat' dir='ltr'><strong>p.</strong></span> <span class='ocrx_word' id='word_1_26' title='bbox 431 1558 572 1648; x_wconf 79' lang='lat'>30-55)</span> <span class='ocrx_word' id='word_1_27' title='bbox 588 1557 832 1625; x_wconf 82' lang='lat' dir='ltr'>retractandam</span> <span class='ocrx_word' id='word_1_28' title='bbox 847 1557 1009 1643; x_wconf 90' lang='lat' dir='ltr'><strong>suscipio,</strong></span> <span class='ocrx_word' id='word_1_29' title='bbox 1025 1577 1120 1620; x_wconf 90' lang='lat' dir='ltr'><strong>nemo</strong></span> <span class='ocrx_word' id='word_1_30' title='bbox 1136 1555 1251 1641; x_wconf 88' lang='lat' dir='ltr'><strong>opinor</strong></span> <span class='ocrx_word' id='word_1_31' title='bbox 1266 1555 1455 1632; x_wconf 87' lang='lat' dir='ltr'><strong>mirabitur,</strong></span> <span class='ocrx_word' id='word_1_32' title='bbox 1474 1553 1530 1638; x_wconf 90' lang='lat' dir='ltr'><strong>qui</strong></span> 
     </span>
     <span class='ocr_line' id='line_1_7' title="bbox 384 1656 1532 1751; baseline -0.011 -18"><span class='ocrx_word' id='word_1_33' title='bbox 384 1665 593 1734; x_wconf 85' lang='lat' dir='ltr'><strong>verissimum</strong></span> <span class='ocrx_word' id='word_1_34' title='bbox 609 1661 650 1726; x_wconf 88' lang='lat' dir='ltr'><strong>de</strong></span> <span class='ocrx_word' id='word_1_35' title='bbox 665 1661 736 1726; x_wconf 86' lang='lat' dir='ltr'><strong>eius</strong></span> <span class='ocrx_word' id='word_1_36' title='bbox 751 1660 837 1727; x_wconf 91' lang='lat' dir='ltr'><strong>libro</strong></span> <span class='ocrx_word' id='word_1_37' title='bbox 845 1659 1003 1725; x_wconf 92' lang='lat' dir='ltr'><strong>iudicium</strong></span> <span class='ocrx_word' id='word_1_38' title='bbox 1015 1657 1187 1724; x_wconf 88' lang='lat' dir='ltr'><strong>Ritschelii</strong></span> <span class='ocrx_word' id='word_1_39' title='bbox 1196 1659 1327 1751; x_wconf 87' lang='lat' dir='ltr'><strong>noverit</strong></span> <span class='ocrx_word' id='word_1_40' title='bbox 1343 1656 1532 1744; x_wconf 86' lang='lat' dir='ltr'><strong>(ParergaI</strong></span> 
     </span>
     <span class='ocr_line' id='line_1_8' title="bbox 385 1760 1558 1856; baseline -0.01 -23"><span class='ocrx_word' id='word_1_41' title='bbox 385 1795 418 1856; x_wconf 88' lang='lat' dir='ltr'><strong>p.</strong></span> <span class='ocrx_word' id='word_1_42' title='bbox 434 1767 523 1851; x_wconf 81' lang='lat'><strong>361).</strong></span> <span class='ocrx_word' id='word_1_43' title='bbox 552 1763 666 1831; x_wconf 83' lang='lat' dir='ltr'>Placet</span> <span class='ocrx_word' id='word_1_44' title='bbox 679 1774 792 1829; x_wconf 87' lang='lat' dir='ltr'><strong>tamen</strong></span> <span class='ocrx_word' id='word_1_45' title='bbox 807 1785 881 1828; x_wconf 90' lang='lat' dir='ltr'><strong>eam</strong></span> <span class='ocrx_word' id='word_1_46' title='bbox 895 1763 1124 1850; x_wconf 88' lang='lat' dir='ltr'><strong>quaestionem·</strong></span> <span class='ocrx_word' id='word_1_47' title='bbox 1135 1761 1184 1826; x_wconf 88' lang='lat' dir='ltr'><strong>ita</strong></span> <span class='ocrx_word' id='word_1_48' title='bbox 1198 1760 1367 1848; x_wconf 87' lang='lat' dir='ltr'><strong>persequi,</strong></span> <span class='ocrx_word' id='word_1_49' title='bbox 1389 1768 1427 1825; x_wconf 92' lang='lat' dir='ltr'><strong>ut</strong></span> <span class='ocrx_word' id='word_1_50' title='bbox 1447 1779 1533 1844; x_wconf 87' lang='lat' dir='ltr'><strong>quae</strong></span> <span class='ocrx_word' id='word_1_51' title='bbox 1556 1795 1558 1799; x_wconf 68' lang='lat'>,</span> 
     </span>
     <span class='ocr_line' id='line_1_9' title="bbox 386 1860 1535 1953; baseline -0.009 -17"><span class='ocrx_word' id='word_1_52' title='bbox 386 1873 454 1936; x_wconf 90' lang='lat' dir='ltr'><strong>iam</strong></span> <span class='ocrx_word' id='word_1_53' title='bbox 469 1869 511 1935; x_wconf 92' lang='lat' dir='ltr'><strong>ab</strong></span> <span class='ocrx_word' id='word_1_54' title='bbox 526 1867 584 1934; x_wconf 93' lang='lat' dir='ltr'><strong>illo</strong></span> <span class='ocrx_word' id='word_1_55' title='bbox 599 1875 761 1953; x_wconf 89' lang='lat' dir='ltr'><strong>occupata</strong></span> <span class='ocrx_word' id='word_1_56' title='bbox 774 1875 852 1931; x_wconf 86' lang='lat' dir='ltr'><strong>sunt</strong></span> <span class='ocrx_word' id='word_1_57' title='bbox 865 1873 1085 1952; x_wconf 78' lang='lat' dir='ltr'>praeteream,</span> <span class='ocrx_word' id='word_1_58' title='bbox 1107 1864 1148 1930; x_wconf 92' lang='lat' dir='ltr'><strong>de</strong></span> <span class='ocrx_word' id='word_1_59' title='bbox 1164 1865 1210 1929; x_wconf 91' lang='lat' dir='ltr'><strong>eis</strong></span> <span class='ocrx_word' id='word_1_60' title='bbox 1227 1872 1352 1946; x_wconf 86' lang='lat' dir='ltr'><strong>autem,</strong></span> <span class='ocrx_word' id='word_1_61' title='bbox 1375 1884 1458 1949; x_wconf 86' lang='lat' dir='ltr'><strong>quac</strong></span> <span class='ocrx_word' id='word_1_62' title='bbox 1478 1860 1535 1927; x_wconf 89' lang='lat' dir='ltr'><strong>vel</strong></span> 
     </span>
     <span class='ocr_line' id='line_1_10' title="bbox 388 1965 1533 2056; baseline -0.01 -17"><span class='ocrx_word' id='word_1_63' title='bbox 388 1973 490 2041; x_wconf 90' lang='lat' dir='ltr'><strong>dubia</strong></span> <span class='ocrx_word' id='word_1_64' title='bbox 506 1980 583 2036; x_wconf 89' lang='lat' dir='ltr'><strong>sunt</strong></span> <span class='ocrx_word' id='word_1_65' title='bbox 599 1969 653 2035; x_wconf 83' lang='lat' dir='ltr'><strong>vel</strong></span> <span class='ocrx_word' id='word_1_66' title='bbox 669 1990 787 2056; x_wconf 91' lang='lat' dir='ltr'><strong>parum</strong></span> <span class='ocrx_word' id='word_1_67' title='bbox 800 1967 908 2034; x_wconf 89' lang='lat' dir='ltr'><strong>adhuc</strong></span> <span class='ocrx_word' id='word_1_68' title='bbox 918 1966 1095 2052; x_wconf 88' lang='lat' dir='ltr'><strong>intellecta,</strong></span> <span class='ocrx_word' id='word_1_69' title='bbox 1111 1967 1209 2055; x_wconf 91' lang='lat' dir='ltr'><strong>paulo</strong></span> <span class='ocrx_word' id='word_1_70' title='bbox 1220 1965 1347 2054; x_wconf 87' lang='lat' dir='ltr'><strong>plenius</strong></span> <span class='ocrx_word' id='word_1_71' title='bbox 1360 1965 1533 2031; x_wconf 84' lang='lat' dir='ltr'><strong>disseram.</strong></span> 
     </span>
    </p>

    <p class='ocr_par' dir='ltr' id='par_1_4' title="bbox 387 2057 1702 2670">
     <span class='ocr_line' id='line_1_11' title="bbox 471 2057 1702 2164; baseline -0.008 -25"><span class='ocrx_word' id='word_1_72' title='bbox 471 2075 522 2140; x_wconf 91' lang='lat' dir='ltr'><strong>Ac</strong></span> <span class='ocrx_word' id='word_1_73' title='bbox 536 2072 678 2161; x_wconf 90' lang='lat' dir='ltr'><strong>primum</strong></span> <span class='ocrx_word' id='word_1_74' title='bbox 693 2070 825 2158; x_wconf 92' lang='lat' dir='ltr'><strong>quidem</strong></span> <span class='ocrx_word' id='word_1_75' title='bbox 840 2071 928 2136; x_wconf 86' lang='lat' dir='ltr'>Sex.</span> <span class='ocrx_word' id='word_1_76' title='bbox 944 2068 1103 2136; x_wconf 90' lang='lat' dir='ltr'><strong>Aelium</strong></span> <span class='ocrx_word' id='word_1_77' title='bbox 1121 2057 1285 2134; x_wconf 83' lang='lat' dir='ltr'><strong>Paetum</strong></span> <span class='ocrx_word' id='word_1_78' title='bbox 1299 2068 1540 2164; x_wconf 14' lang='lat' dir='ltr'><strong>cognomine*</strong></span> <span class='ocrx_word' id='word_1_79' title='bbox 1604 2111 1606 2116; x_wconf 89' lang='lat'>-</span> <span class='ocrx_word' id='word_1_80' title='bbox 1701 2119 1702 2136; x_wconf 72' lang='lat'><strong>.</strong></span> 
     </span>
     <span class='ocr_line' id='line_1_12' title="bbox 388 2171 1536 2261; baseline -0.007 -19"><span class='ocrx_word' id='word_1_81' title='bbox 388 2178 530 2242; x_wconf 80' lang='lat' dir='ltr'><strong>(latum</strong></span> <span class='ocrx_word' id='word_1_82' title='bbox 553 2172 716 2258; x_wconf 86' lang='lat' dir='ltr'><strong>insignem</strong></span> <span class='ocrx_word' id='word_1_83' title='bbox 735 2173 816 2238; x_wconf 89' lang='lat' dir='ltr'><strong>iuris</strong></span> <span class='ocrx_word' id='word_1_84' title='bbox 838 2173 976 2240; x_wconf 88' lang='lat' dir='ltr'><strong>scientia</strong></span> <span class='ocrx_word' id='word_1_85' title='bbox 991 2173 1078 2261; x_wconf 90' lang='lat' dir='ltr'><strong>apud</strong></span> <span class='ocrx_word' id='word_1_86' title='bbox 1093 2171 1267 2260; x_wconf 89' lang='lat' dir='ltr'><strong>populares</strong></span> <span class='ocrx_word' id='word_1_87' title='bbox 1282 2210 1324 2218; x_wconf 98' lang='lat'>—</span> <span class='ocrx_word' id='word_1_88' title='bbox 1339 2171 1397 2258; x_wconf 89' lang='lat' dir='ltr'><strong>qui</strong></span> <span class='ocrx_word' id='word_1_89' title='bbox 1412 2179 1444 2234; x_wconf 90' lang='lat' dir='ltr'><strong>et</strong></span> <span class='ocrx_word' id='word_1_90' title='bbox 1459 2192 1536 2236; x_wconf 88' lang='lat' dir='ltr'><strong>con-</strong></span> 
     </span>
     <span class='ocr_line' id='line_1_13' title="bbox 388 2271 1537 2357; baseline -0.006 -14"><span class='ocrx_word' id='word_1_91' title='bbox 388 2277 440 2343; x_wconf 91' lang='lat' dir='ltr'><strong>sul</strong></span> <span class='ocrx_word' id='word_1_92' title='bbox 453 2277 516 2342; x_wconf 85' lang='lat' dir='ltr'><strong>fuit</strong></span> <span class='ocrx_word' id='word_1_93' title='bbox 528 2299 558 2341; x_wconf 91' lang='lat' dir='ltr'><strong>a.</strong></span> <span class='ocrx_word' id='word_1_94' title='bbox 570 2274 678 2344; x_wconf 81' lang='lat' dir='ltr'>IOLV</span> <span class='ocrx_word' id='word_1_95' title='bbox 689 2297 763 2339; x_wconf 90' lang='lat' dir='ltr'><strong>cum</strong></span> <span class='ocrx_word' id='word_1_96' title='bbox 774 2275 815 2340; x_wconf 90' lang='grc' dir='ltr'><strong>Τ.</strong></span> <span class='ocrx_word' id='word_1_97' title='bbox 828 2275 983 2357; x_wconf 77' lang='lat' dir='ltr'><strong>Quinctio</strong></span> <span class='ocrx_word' id='word_1_98' title='bbox 995 2275 1179 2353; x_wconf 84' lang='lat' dir='ltr'><strong>Flaminino</strong></span> <span class='ocrx_word' id='word_1_99' title='bbox 1193 2284 1225 2340; x_wconf 92' lang='lat' dir='ltr'><strong>et</strong></span> <span class='ocrx_word' id='word_1_100' title='bbox 1237 2295 1351 2340; x_wconf 90' lang='lat' dir='ltr'><strong>censor</strong></span> <span class='ocrx_word' id='word_1_101' title='bbox 1365 2296 1396 2338; x_wconf 89' lang='lat' dir='ltr'><strong>a.</strong></span> <span class='ocrx_word' id='word_1_102' title='bbox 1406 2271 1537 2338; x_wconf 82' lang='lat' dir='ltr'>IOLIX</span> 
     </span>
     <span class='ocr_line' id='line_1_14' title="bbox 387 2375 1536 2466; baseline -0.003 -22"><span class='ocrx_word' id='word_1_103' title='bbox 387 2383 555 2465; x_wconf 84' lang='lat' dir='ltr'><strong>ingentem</strong></span> <span class='ocrx_word' id='word_1_104' title='bbox 574 2377 716 2464; x_wconf 84' lang='lat' dir='ltr'><strong>gratiam</strong></span> <span class='ocrx_word' id='word_1_105' title='bbox 736 2376 826 2465; x_wconf 89' lang='lat' dir='ltr'><strong>apud</strong></span> <span class='ocrx_word' id='word_1_106' title='bbox 840 2387 991 2443; x_wconf 91' lang='lat' dir='ltr'><strong>senatum</strong></span> <span class='ocrx_word' id='word_1_107' title='bbox 1005 2379 1133 2466; x_wconf 89' lang='lat' dir='ltr'><strong>peperit</strong></span> <span class='ocrx_word' id='word_1_108' title='bbox 1148 2377 1320 2444; x_wconf 86' lang='lat' dir='ltr'><strong>senatoriis</strong></span> <span class='ocrx_word' id='word_1_109' title='bbox 1337 2375 1417 2442; x_wconf 91' lang='lat' dir='ltr'><strong>locis</strong></span> <span class='ocrx_word' id='word_1_110' title='bbox 1433 2376 1467 2439; x_wconf 88' lang='lat' dir='ltr'><strong>in</strong></span> <span class='ocrx_word' id='word_1_111' title='bbox 1482 2397 1536 2440; x_wconf 88' lang='lat' dir='ltr'><strong>ca—</strong></span> 
     </span>
     <span class='ocr_line' id='line_1_15' title="bbox 389 2477 1537 2568; baseline -0.009 -19"><span class='ocrx_word' id='word_1_112' title='bbox 389 2505 452 2550; x_wconf 89' lang='lat' dir='ltr'><strong>vea</strong></span> <span class='ocrx_word' id='word_1_113' title='bbox 472 2504 493 2546; x_wconf 92' lang='lat' dir='ltr'><strong>a</strong></span> <span class='ocrx_word' id='word_1_114' title='bbox 512 2478 634 2568; x_wconf 88' lang='lat' dir='ltr'><strong>populo</strong></span> <span class='ocrx_word' id='word_1_115' title='bbox 655 2479 789 2544; x_wconf 90' lang='lat' dir='ltr'><strong>secretis</strong></span> <span class='ocrx_word' id='word_1_116' title='bbox 810 2480 941 2567; x_wconf 82' lang='lat' dir='ltr'><strong>(Livius</strong></span> <span class='ocrx_word' id='word_1_117' title='bbox 957 2479 1010 2563; x_wconf 84' lang='lat'><strong>34,</strong></span> <span class='ocrx_word' id='word_1_118' title='bbox 1026 2480 1082 2567; x_wconf 87' lang='lat'><strong>44)</strong></span> <span class='ocrx_word' id='word_1_119' title='bbox 1098 2519 1141 2528; x_wconf 88' lang='lat'>—</span> <span class='ocrx_word' id='word_1_120' title='bbox 1155 2481 1237 2566; x_wconf 85' lang='lat' dir='ltr'><strong>legis</strong></span> <span class='ocrx_word' id='word_1_121' title='bbox 1258 2481 1471 2565; x_wconf 90' lang='lat' dir='ltr'><strong>interpretem</strong></span> <span class='ocrx_word' id='word_1_122' title='bbox 1488 2477 1537 2541; x_wconf 92' lang='lat' dir='ltr'><strong>di-</strong></span> 
     </span>
     <span class='ocr_line' id='line_1_16' title="bbox 390 2580 1537 2670; baseline -0.007 -20"><span class='ocrx_word' id='word_1_123' title='bbox 390 2593 477 2651; x_wconf 90' lang='lat' dir='ltr'><strong>serte</strong></span> <span class='ocrx_word' id='word_1_124' title='bbox 497 2582 643 2670; x_wconf 82' lang='lat' dir='ltr'><strong>appellat</strong></span> <span class='ocrx_word' id='word_1_125' title='bbox 658 2581 772 2646; x_wconf 80' lang='lat' dir='ltr'><strong>Cicero</strong></span> <span class='ocrx_word' id='word_1_126' title='bbox 792 2580 864 2649; x_wconf 89' lang='lat' dir='ltr'><strong>loco</strong></span> <span class='ocrx_word' id='word_1_127' title='bbox 881 2605 978 2670; x_wconf 92' lang='lat' dir='ltr'><strong>quem</strong></span> <span class='ocrx_word' id='word_1_128' title='bbox 993 2582 1108 2649; x_wconf 91' lang='lat' dir='ltr'><strong>notavi</strong></span> <span class='ocrx_word' id='word_1_129' title='bbox 1123 2581 1164 2647; x_wconf 91' lang='lat' dir='ltr'><strong>de</strong></span> <span class='ocrx_word' id='word_1_130' title='bbox 1177 2581 1243 2668; x_wconf 85' lang='lat' dir='ltr'><strong>leg.</strong></span> <span class='ocrx_word' id='word_1_131' title='bbox 1259 2581 1362 2662; x_wconf 82' lang='lat'><strong>1123,</strong></span> <span class='ocrx_word' id='word_1_132' title='bbox 1377 2581 1419 2648; x_wconf 82' lang='lat'><strong>59</strong></span> <span class='ocrx_word' id='word_1_133' title='bbox 1434 2580 1537 2646; x_wconf 90' lang='lat' dir='ltr'><strong>idem-</strong></span> 
     </span>
    </p>

    <p class='ocr_par' dir='ltr' id='par_1_5' title="bbox 329 2675 1539 3074">
     <span class='ocr_line' id='line_1_17' title="bbox 329 2675 1539 2773; baseline -0.005 -21"><span class='ocrx_word' id='word_1_134' title='bbox 329 2675 332 2679; x_wconf 27' lang='lat'>*</span> <span class='ocrx_word' id='word_1_135' title='bbox 390 2709 453 2773; x_wconf 91' lang='lat' dir='ltr'><strong>que</strong></span> <span class='ocrx_word' id='word_1_136' title='bbox 476 2694 618 2751; x_wconf 91' lang='lat' dir='ltr'><strong>testatur</strong></span> <span class='ocrx_word' id='word_1_137' title='bbox 632 2683 833 2770; x_wconf 91' lang='lat' dir='ltr'><strong>Pomponius</strong></span> <span class='ocrx_word' id='word_1_138' title='bbox 848 2684 928 2768; x_wconf 87' lang='lat' dir='ltr'><strong>Dig.</strong></span> <span class='ocrx_word' id='word_1_139' title='bbox 947 2685 981 2766; x_wconf 79' lang='grc'><strong>1,</strong></span> <span class='ocrx_word' id='word_1_140' title='bbox 997 2683 1034 2766; x_wconf 81' lang='grc'><strong>2,</strong></span> <span class='ocrx_word' id='word_1_141' title='bbox 1050 2685 1071 2748; x_wconf 81' lang='grc'>2</span> <span class='ocrx_word' id='word_1_142' title='bbox 1087 2687 1118 2766; x_wconf 66' lang='grc' dir='ltr'><strong>ξ.</strong></span> <span class='ocrx_word' id='word_1_143' title='bbox 1133 2684 1186 2749; x_wconf 87' lang='grc'><strong>38.</strong></span> <span class='ocrx_word' id='word_1_144' title='bbox 1210 2687 1300 2750; x_wconf 69' lang='lat' dir='ltr'><strong>‘Sera</strong></span> <span class='ocrx_word' id='word_1_145' title='bbox 1316 2689 1433 2747; x_wconf 84' lang='lat' dir='ltr'><strong>Aelium</strong></span> <span class='ocrx_word' id='word_1_146' title='bbox 1448 2689 1539 2746; x_wconf 83' lang='lat' dir='ltr'><strong>ctiam</strong></span> 
     </span>
     <span class='ocr_line' id='line_1_18' title="bbox 391 2788 1538 2874; baseline -0.004 -20"><span class='ocrx_word' id='word_1_147' title='bbox 391 2794 509 2854; x_wconf 75' lang='lat' dir='ltr'><strong>Eua-ius</strong></span> <span class='ocrx_word' id='word_1_148' title='bbox 522 2791 659 2851; x_wconf 84' lang='lat' dir='ltr'><strong>laudavit</strong></span> <span class='ocrx_word' id='word_1_149' title='bbox 667 2788 691 2874; x_wconf 87' lang='lat'><strong>¹)</strong></span> <span class='ocrx_word' id='word_1_150' title='bbox 707 2797 737 2852; x_wconf 84' lang='lat' dir='ltr'><strong>et</strong></span> <span class='ocrx_word' id='word_1_151' title='bbox 755 2797 838 2852; x_wconf 79' lang='lat' dir='ltr'><strong>extat</strong></span> <span class='ocrx_word' id='word_1_152' title='bbox 851 2793 932 2852; x_wconf 84' lang='lat' dir='ltr'><strong>iilius</strong></span> <span class='ocrx_word' id='word_1_153' title='bbox 947 2791 1021 2850; x_wconf 83' lang='lat' dir='ltr'><strong>iiber</strong></span> <span class='ocrx_word' id='word_1_154' title='bbox 1041 2793 1094 2866; x_wconf 83' lang='lat' dir='ltr'><strong>qui</strong></span> <span class='ocrx_word' id='word_1_155' title='bbox 1114 2791 1285 2852; x_wconf 78' lang='lat' dir='ltr'><strong>inscribitur</strong></span> <span class='ocrx_word' id='word_1_156' title='bbox 1301 2791 1322 2822; x_wconf 78' lang='lat'><strong><em>“</em></strong></span> <span class='ocrx_word' id='word_1_157' title='bbox 1332 2791 1538 2868; x_wconf 82' lang='lat' dir='ltr'><strong>Tripertita&#39;’,</strong></span> 
     </span>
     <span class='ocr_line' id='line_1_19' title="bbox 390 2876 1538 2974; baseline -0.003 -18"><span class='ocrx_word' id='word_1_158' title='bbox 390 2898 443 2972; x_wconf 81' lang='lat' dir='ltr'><strong>qui</strong></span> <span class='ocrx_word' id='word_1_159' title='bbox 467 2879 542 2956; x_wconf 80' lang='lat' dir='ltr'><strong>iiber</strong></span> <span class='ocrx_word' id='word_1_160' title='bbox 562 2876 653 2954; x_wconf 79' lang='lat' dir='ltr'><strong>veluti</strong></span> <span class='ocrx_word' id='word_1_161' title='bbox 670 2893 821 2954; x_wconf 82' lang='lat' dir='ltr'><strong>cunabula</strong></span> <span class='ocrx_word' id='word_1_162' title='bbox 841 2895 916 2954; x_wconf 82' lang='lat' dir='ltr'><strong>iuris</strong></span> <span class='ocrx_word' id='word_1_163' title='bbox 936 2895 1072 2954; x_wconf 86' lang='lat' dir='ltr'><strong>coatiuct.</strong></span> <span class='ocrx_word' id='word_1_164' title='bbox 1105 2893 1269 2969; x_wconf 81' lang='lat' dir='ltr'><strong>Trinertita</strong></span> <span class='ocrx_word' id='word_1_165' title='bbox 1293 2899 1392 2956; x_wconf 83' lang='lat' dir='ltr'><strong>autem</strong></span> <span class='ocrx_word' id='word_1_166' title='bbox 1414 2895 1538 2974; x_wconf 82' lang='lat' dir='ltr'><strong>dicitur,</strong></span> 
     </span>
     <span class='ocr_line' id='line_1_20' title="bbox 395 2996 1537 3074; baseline -0.002 -16"><span class='ocrx_word' id='word_1_167' title='bbox 395 2999 535 3074; x_wconf 82' lang='lat' dir='ltr'><strong>quoniam</strong></span> <span class='ocrx_word' id='word_1_168' title='bbox 549 2999 614 3072; x_wconf 73' lang='lat' dir='ltr'><strong>lene</strong></span> <span class='ocrx_word' id='word_1_169' title='bbox 628 2996 701 3056; x_wconf 85' lang='lat' dir='ltr'><strong>XII</strong></span> <span class='ocrx_word' id='word_1_170' title='bbox 717 2997 887 3057; x_wconf 73' lang='lat' dir='ltr'><strong>mimarum</strong></span> <span class='ocrx_word' id='word_1_171' title='bbox 902 2999 1080 3073; x_wconf 76' lang='lat' dir='ltr'><strong>praeposita</strong></span> <span class='ocrx_word' id='word_1_172' title='bbox 1101 2999 1235 3072; x_wconf 74' lang='lat' dir='ltr'><strong>iuanitur</strong></span> <span class='ocrx_word' id='word_1_173' title='bbox 1255 2998 1537 3072; x_wconf 78' lang='lat' dir='ltr'><strong>interpretatio,</strong></span> 
     </span>
    </p>

    <p class='ocr_par' dir='ltr' id='par_1_6' title="bbox 365 3094 1572 4307">
     <span class='ocr_line' id='line_1_21' title="bbox 365 3094 1538 3182; baseline -0.003 -20"><span class='ocrx_word' id='word_1_174' title='bbox 365 3114 368 3119; x_wconf 88' lang='grc'><strong>’</strong></span> <span class='ocrx_word' id='word_1_175' title='bbox 393 3102 462 3162; x_wconf 82' lang='lat' dir='ltr'><strong>dein</strong></span> <span class='ocrx_word' id='word_1_176' title='bbox 483 3101 649 3160; x_wconf 75' lang='lat' dir='ltr'><strong>subtexitur</strong></span> <span class='ocrx_word' id='word_1_177' title='bbox 669 3101 743 3175; x_wconf 77' lang='lat' dir='ltr'><strong>lenis</strong></span> <span class='ocrx_word' id='word_1_178' title='bbox 757 3100 864 3160; x_wconf 86' lang='lat' dir='ltr'><strong>aetio&#39;.</strong></span> <span class='ocrx_word' id='word_1_179' title='bbox 898 3095 1004 3177; x_wconf 80' lang='lat' dir='ltr'><strong>Quem</strong></span> <span class='ocrx_word' id='word_1_180' title='bbox 1024 3094 1145 3160; x_wconf 91' lang='lat' dir='ltr'><strong>librum</strong></span> <span class='ocrx_word' id='word_1_181' title='bbox 1165 3117 1230 3160; x_wconf 90' lang='lat' dir='ltr'><strong>non</strong></span> <span class='ocrx_word' id='word_1_182' title='bbox 1245 3094 1325 3158; x_wconf 90' lang='lat' dir='ltr'><strong>mihi</strong></span> <span class='ocrx_word' id='word_1_183' title='bbox 1345 3095 1538 3182; x_wconf 86' lang='lat' dir='ltr'><strong>persuaderi</strong></span> 
     </span>
     <span class='ocr_line' id='line_1_22' title="bbox 395 3194 1539 3283; baseline 0 -21"><span class='ocrx_word' id='word_1_184' title='bbox 395 3199 437 3264; x_wconf 90' lang='lat' dir='ltr'><strong>ab</strong></span> <span class='ocrx_word' id='word_1_185' title='bbox 466 3196 641 3262; x_wconf 87' lang='lat' dir='ltr'><strong>Huschkio</strong></span> <span class='ocrx_word' id='word_1_186' title='bbox 676 3197 785 3283; x_wconf 89' lang='lat' dir='ltr'><strong>patiar</strong></span> <span class='ocrx_word' id='word_1_187' title='bbox 816 3194 868 3280; x_wconf 90' lang='lat' dir='ltr'><strong>(in</strong></span> <span class='ocrx_word' id='word_1_188' title='bbox 897 3196 1017 3262; x_wconf 89' lang='lat' dir='ltr'><strong>Annal.</strong></span> <span class='ocrx_word' id='word_1_189' title='bbox 1048 3199 1109 3262; x_wconf 92' lang='lat' dir='ltr'><strong>iur.</strong></span> <span class='ocrx_word' id='word_1_190' title='bbox 1140 3197 1295 3262; x_wconf 79' lang='lat' dir='ltr'><strong>scientiae</strong></span> <span class='ocrx_word' id='word_1_191' title='bbox 1324 3197 1440 3264; x_wconf 89' lang='lat' dir='ltr'><strong>histor.</strong></span> <span class='ocrx_word' id='word_1_192' title='bbox 1470 3197 1539 3262; x_wconf 87' lang='lat' dir='ltr'><strong>XV</strong></span> 
     </span>
     <span class='ocr_line' id='line_1_23' title="bbox 398 3296 1540 3386; baseline 0.002 -22"><span class='ocrx_word' id='word_1_193' title='bbox 398 3301 459 3366; x_wconf 83' lang='lat'><strong>179</strong></span> <span class='ocrx_word' id='word_1_194' title='bbox 474 3297 560 3386; x_wconf 78' lang='lat' dir='ltr'><strong>sq&#39;q.)</strong></span> <span class='ocrx_word' id='word_1_195' title='bbox 569 3296 596 3383; x_wconf 85' lang='lat'><strong>²)</strong></span> <span class='ocrx_word' id='word_1_196' title='bbox 617 3298 891 3386; x_wconf 88' lang='lat' dir='ltr'><strong>quemadmodum</strong></span> <span class='ocrx_word' id='word_1_197' title='bbox 910 3301 1001 3386; x_wconf 92' lang='lat' dir='ltr'><strong>passi</strong></span> <span class='ocrx_word' id='word_1_198' title='bbox 1024 3308 1100 3364; x_wconf 91' lang='lat' dir='ltr'><strong>sunt</strong></span> <span class='ocrx_word' id='word_1_199' title='bbox 1117 3299 1307 3366; x_wconf 83' lang='lat' dir='ltr'><strong>Rudorlfius</strong></span> <span class='ocrx_word' id='word_1_200' title='bbox 1329 3299 1374 3364; x_wconf 91' lang='lat' dir='ltr'><strong>H.</strong></span> <span class='ocrx_word' id='word_1_201' title='bbox 1390 3301 1412 3364; x_wconf 91' lang='lat' dir='ltr'><strong>i.</strong></span> <span class='ocrx_word' id='word_1_202' title='bbox 1429 3323 1454 3365; x_wconf 90' lang='lat' dir='ltr'><strong>r.</strong></span> <span class='ocrx_word' id='word_1_203' title='bbox 1473 3301 1540 3386; x_wconf 87' lang='lat' dir='ltr'><strong>p.1</strong></span> 
     </span>
     <span class='ocr_line' id='line_1_24' title="bbox 395 3399 1539 3487; baseline 0.003 -21"><span class='ocrx_word' id='word_1_204' title='bbox 395 3401 456 3467; x_wconf 82' lang='lat'><strong>158</strong></span> <span class='ocrx_word' id='word_1_205' title='bbox 462 3449 472 3484; x_wconf 87' lang='lat'>‚</span> <span class='ocrx_word' id='word_1_206' title='bbox 500 3399 669 3466; x_wconf 88' lang='lat' dir='ltr'><strong>Walterus</strong></span> <span class='ocrx_word' id='word_1_207' title='bbox 689 3399 733 3463; x_wconf 93' lang='lat' dir='ltr'><strong>H.</strong></span> <span class='ocrx_word' id='word_1_208' title='bbox 754 3400 817 3465; x_wconf 91' lang='lat' dir='ltr'><strong>iur.</strong></span> <span class='ocrx_word' id='word_1_209' title='bbox 839 3399 876 3465; x_wconf 93' lang='lat' dir='ltr'><strong>II</strong></span> <span class='ocrx_word' id='word_1_210' title='bbox 894 3424 927 3487; x_wconf 91' lang='lat' dir='ltr'><strong>p.</strong></span> <span class='ocrx_word' id='word_1_211' title='bbox 943 3400 980 3484; x_wconf 88' lang='grc'><strong>6,</strong></span> <span class='ocrx_word' id='word_1_212' title='bbox 1000 3400 1057 3466; x_wconf 90' lang='lat' dir='ltr'><strong>alii</strong></span> <span class='ocrx_word' id='word_1_213' title='bbox 1083 3401 1311 3470; x_wconf 82' lang='lat' dir='ltr'><strong>--diversum</strong></span> <span class='ocrx_word' id='word_1_214' title='bbox 1333 3425 1405 3467; x_wconf 88' lang='lat' dir='ltr'><strong>esse</strong></span> <span class='ocrx_word' id='word_1_215' title='bbox 1430 3403 1473 3468; x_wconf 89' lang='lat' dir='ltr'><strong>ab</strong></span> <span class='ocrx_word' id='word_1_216' title='bbox 1499 3425 1539 3470; x_wconf 90' lang='lat' dir='ltr'><strong>eo</strong></span> 
     </span>
     <span class='ocr_line' id='line_1_25' title="bbox 394 3500 1539 3590; baseline 0.003 -23"><span class='ocrx_word' id='word_1_217' title='bbox 394 3503 451 3589; x_wconf 92' lang='lat' dir='ltr'><strong>qui</strong></span> <span class='ocrx_word' id='word_1_218' title='bbox 472 3501 658 3588; x_wconf 89' lang='lat' dir='ltr'><strong>appellatur</strong></span> <span class='ocrx_word' id='word_1_219' title='bbox 686 3501 759 3567; x_wconf 72' lang='lat' dir='ltr'><strong>‘Ius</strong></span> <span class='ocrx_word' id='word_1_220' title='bbox 780 3500 982 3585; x_wconf 82' lang='lat' dir='ltr'><strong>Aelianum&#39;‚</strong></span> <span class='ocrx_word' id='word_1_221' title='bbox 1009 3505 1100 3569; x_wconf 89' lang='lat' dir='ltr'><strong>cuius</strong></span> <span class='ocrx_word' id='word_1_222' title='bbox 1124 3505 1212 3590; x_wconf 90' lang='lat' dir='ltr'><strong>apud</strong></span> <span class='ocrx_word' id='word_1_223' title='bbox 1232 3504 1451 3590; x_wconf 91' lang='lat' dir='ltr'><strong>Pomponium</strong></span> <span class='ocrx_word' id='word_1_224' title='bbox 1472 3505 1539 3588; x_wconf 68' lang='lat'><strong>§.7</strong></span> 
     </span>
     <span class='ocr_line' id='line_1_26' title="bbox 394 3603 1541 3686; baseline 0.001 -17"><span class='ocrx_word' id='word_1_225' title='bbox 394 3603 516 3670; x_wconf 87' lang='lat' dir='ltr'><strong>mentio</strong></span> <span class='ocrx_word' id='word_1_226' title='bbox 542 3613 608 3686; x_wconf 89' lang='lat' dir='ltr'><strong>est,</strong></span> <span class='ocrx_word' id='word_1_227' title='bbox 636 3605 689 3669; x_wconf 90' lang='lat' dir='ltr'><strong>vel</strong></span> <span class='ocrx_word' id='word_1_228' title='bbox 716 3627 737 3668; x_wconf 90' lang='lat' dir='ltr'><strong>a</strong></span> <span class='ocrx_word' id='word_1_229' title='bbox 761 3604 1005 3672; x_wconf 87' lang='lat' dir='ltr'><strong>commentariis</strong></span> <span class='ocrx_word' id='word_1_230' title='bbox 1032 3605 1108 3672; x_wconf 85' lang='lat' dir='ltr'><strong>Sex.</strong></span> <span class='ocrx_word' id='word_1_231' title='bbox 1131 3606 1217 3672; x_wconf 89' lang='lat' dir='ltr'><strong>Aelii</strong></span> <span class='ocrx_word' id='word_1_232' title='bbox 1244 3605 1396 3673; x_wconf 81' lang='lat' dir='ltr'><strong>Ciceroni</strong></span> <span class='ocrx_word' id='word_1_233' title='bbox 1420 3627 1541 3671; x_wconf 91' lang='lat' dir='ltr'><strong>memo-</strong></span> 
     </span>
     <span class='ocr_line' id='line_1_27' title="bbox 395 3705 1572 3794; baseline 0.001 -23"><span class='ocrx_word' id='word_1_234' title='bbox 395 3705 477 3771; x_wconf 89' lang='lat' dir='ltr'><strong>ratis</strong></span> <span class='ocrx_word' id='word_1_235' title='bbox 503 3705 543 3770; x_wconf 92' lang='lat' dir='ltr'><strong>de</strong></span> <span class='ocrx_word' id='word_1_236' title='bbox 571 3726 617 3770; x_wconf 91' lang='lat' dir='ltr'><strong>or.</strong></span> <span class='ocrx_word' id='word_1_237' title='bbox 637 3706 655 3771; x_wconf 96' lang='grc' dir='ltr'>Ι</span> <span class='ocrx_word' id='word_1_238' title='bbox 675 3705 717 3770; x_wconf 83' lang='lat'><strong>56</strong></span> <span class='ocrx_word' id='word_1_239' title='bbox 724 3755 733 3788; x_wconf 88' lang='lat'><em>‚</em></span> <span class='ocrx_word' id='word_1_240' title='bbox 752 3706 825 3771; x_wconf 78' lang='lat'><strong>240.</strong></span> <span class='ocrx_word' id='word_1_241' title='bbox 870 3706 1019 3794; x_wconf 85' lang='lat' dir='ltr'><strong>Namque</strong></span> <span class='ocrx_word' id='word_1_242' title='bbox 1048 3708 1097 3773; x_wconf 91' lang='lat' dir='ltr'><strong>ius</strong></span> <span class='ocrx_word' id='word_1_243' title='bbox 1125 3706 1299 3772; x_wconf 82' lang='lat' dir='ltr'><strong>Aelianum</strong></span> <span class='ocrx_word' id='word_1_244' title='bbox 1327 3707 1408 3773; x_wconf 91' lang='lat' dir='ltr'><strong>nihil</strong></span> <span class='ocrx_word' id='word_1_245' title='bbox 1437 3709 1541 3774; x_wconf 91' lang='lat' dir='ltr'><strong>conti·</strong></span> <span class='ocrx_word' id='word_1_246' title='bbox 1568 3781 1572 3786; x_wconf 26' lang='lat'>¹</span> 
     </span>
     <span class='ocr_line' id='line_1_28' title="bbox 398 3806 1541 3894; baseline 0.004 -23"><span class='ocrx_word' id='word_1_247' title='bbox 398 3808 510 3872; x_wconf 90' lang='lat' dir='ltr'><strong>nuisse</strong></span> <span class='ocrx_word' id='word_1_248' title='bbox 529 3807 596 3871; x_wconf 88' lang='lat' dir='ltr'><strong>nisi</strong></span> <span class='ocrx_word' id='word_1_249' title='bbox 616 3806 699 3894; x_wconf 84' lang='lat' dir='ltr'><strong>legis</strong></span> <span class='ocrx_word' id='word_1_250' title='bbox 720 3808 867 3874; x_wconf 88' lang='lat' dir='ltr'><strong>actiones</strong></span> <span class='ocrx_word' id='word_1_251' title='bbox 889 3811 1027 3874; x_wconf 90' lang='lat' dir='ltr'><strong>omissas</strong></span> <span class='ocrx_word' id='word_1_252' title='bbox 1048 3810 1084 3874; x_wconf 91' lang='lat' dir='ltr'><strong>in</strong></span> <span class='ocrx_word' id='word_1_253' title='bbox 1104 3811 1174 3874; x_wconf 91' lang='lat' dir='ltr'><strong>iure</strong></span> <span class='ocrx_word' id='word_1_254' title='bbox 1195 3807 1356 3876; x_wconf 86' lang='lat' dir='ltr'><strong>Flaviano</strong></span> <span class='ocrx_word' id='word_1_255' title='bbox 1377 3810 1541 3884; x_wconf 89' lang='lat' dir='ltr'><strong>immerito</strong></span> 
     </span>
     <span class='ocr_line' id='line_1_29' title="bbox 396 3908 1543 3997; baseline 0 -21"><span class='ocrx_word' id='word_1_256' title='bbox 396 3908 602 3976; x_wconf 87' lang='lat' dir='ltr'><strong>concluditur</strong></span> <span class='ocrx_word' id='word_1_257' title='bbox 616 3931 658 3974; x_wconf 89' lang='lat' dir='ltr'><strong>ex</strong></span> <span class='ocrx_word' id='word_1_258' title='bbox 672 3909 844 3997; x_wconf 90' lang='lat' dir='ltr'><strong>Pomponii</strong></span> <span class='ocrx_word' id='word_1_259' title='bbox 859 3911 970 3977; x_wconf 87' lang='lat' dir='ltr'><strong>verbis</strong></span> <span class='ocrx_word' id='word_1_260' title='bbox 985 3912 1090 3976; x_wconf 91' lang='lat' dir='ltr'><strong>hisce:</strong></span> <span class='ocrx_word' id='word_1_261' title='bbox 1115 3919 1304 3990; x_wconf 68' lang='lat' dir='ltr'><strong>‘rarescente</strong></span> <span class='ocrx_word' id='word_1_262' title='bbox 1317 3918 1448 3992; x_wconf 86' lang='lat' dir='ltr'><strong>ciuitate,</strong></span> <span class='ocrx_word' id='word_1_263' title='bbox 1469 3919 1543 3993; x_wconf 81' lang='lat' dir='ltr'><strong>quia</strong></span> 
     </span>
     <span class='ocr_line' id='line_1_30' title="bbox 398 4016 1543 4095; baseline 0.001 -18"><span class='ocrx_word' id='word_1_264' title='bbox 398 4017 524 4077; x_wconf 67' lang='lat' dir='ltr'><strong>demant</strong></span> <span class='ocrx_word' id='word_1_265' title='bbox 537 4016 686 4091; x_wconf 81' lang='lat' dir='ltr'><strong>quaedam</strong></span> <span class='ocrx_word' id='word_1_266' title='bbox 698 4033 813 4091; x_wconf 72' lang='lat' dir='ltr'><strong>neuma</strong></span> <span class='ocrx_word' id='word_1_267' title='bbox 829 4020 954 4094; x_wconf 64' lang='lat' dir='ltr'><strong>arcadi,</strong></span> <span class='ocrx_word' id='word_1_268' title='bbox 971 4034 1030 4078; x_wconf 86' lang='lat' dir='ltr'><strong>aaa</strong></span> <span class='ocrx_word' id='word_1_269' title='bbox 1042 4025 1110 4094; x_wconf 81' lang='lat' dir='ltr'><strong>post</strong></span> <span class='ocrx_word' id='word_1_270' title='bbox 1123 4021 1244 4078; x_wconf 85' lang='lat' dir='ltr'><strong>multura</strong></span> <span class='ocrx_word' id='word_1_271' title='bbox 1259 4022 1398 4095; x_wconf 76' lang='lat' dir='ltr'><strong>temperis</strong></span> <span class='ocrx_word' id='word_1_272' title='bbox 1412 4020 1543 4095; x_wconf 79' lang='lat' dir='ltr'><strong>spatium</strong></span> 
     </span>
     <span class='ocr_line' id='line_1_31' title="bbox 398 4117 1547 4198; baseline 0.003 -19"><span class='ocrx_word' id='word_1_273' title='bbox 398 4118 469 4179; x_wconf 81' lang='lat' dir='ltr'><strong>Sca.</strong></span> <span class='ocrx_word' id='word_1_274' title='bbox 485 4117 588 4178; x_wconf 80' lang='lat' dir='ltr'><strong>Aelius</strong></span> <span class='ocrx_word' id='word_1_275' title='bbox 602 4120 679 4180; x_wconf 84' lang='lat' dir='ltr'><strong>alias</strong></span> <span class='ocrx_word' id='word_1_276' title='bbox 692 4121 823 4180; x_wconf 82' lang='lat' dir='ltr'><strong>actiones</strong></span> <span class='ocrx_word' id='word_1_277' title='bbox 836 4123 999 4196; x_wconf 79' lang='lat' dir='ltr'><strong>composuit</strong></span> <span class='ocrx_word' id='word_1_278' title='bbox 1011 4130 1045 4180; x_wconf 86' lang='lat' dir='ltr'><strong>ct</strong></span> <span class='ocrx_word' id='word_1_279' title='bbox 1060 4121 1197 4182; x_wconf 84' lang='lat' dir='ltr'><strong>tibrum</strong></span> <span class='ocrx_word' id='word_1_280' title='bbox 1210 4124 1350 4198; x_wconf 78' lang='lat' dir='ltr'><strong>populo</strong></span> <span class='ocrx_word' id='word_1_281' title='bbox 1368 4122 1471 4182; x_wconf 81' lang='lat' dir='ltr'><strong>dedit</strong></span> <span class='ocrx_word' id='word_1_282' title='bbox 1491 4125 1547 4194; x_wconf 79' lang='lat' dir='ltr'><strong>qai</strong></span> 
     </span>
     <span class='ocr_line' id='line_1_32' title="bbox 397 4219 1543 4307; baseline 0.003 -27"><span class='ocrx_word' id='word_1_283' title='bbox 397 4223 571 4297; x_wconf 79' lang='lat' dir='ltr'><strong>appellatur</strong></span> <span class='ocrx_word' id='word_1_284' title='bbox 589 4223 636 4282; x_wconf 80' lang='lat' dir='ltr'><strong>ius</strong></span> <span class='ocrx_word' id='word_1_285' title='bbox 655 4222 833 4283; x_wconf 82' lang='lat' dir='ltr'><strong>Aelianum’.</strong></span> <span class='ocrx_word' id='word_1_286' title='bbox 863 4219 931 4285; x_wconf 90' lang='lat' dir='ltr'><strong>Ubi</strong></span> <span class='ocrx_word' id='word_1_287' title='bbox 950 4241 991 4284; x_wconf 90' lang='lat' dir='ltr'><strong>ne</strong></span> <span class='ocrx_word' id='word_1_288' title='bbox 1012 4219 1121 4305; x_wconf 87' lang='lat' dir='ltr'><strong>speeie</strong></span> <span class='ocrx_word' id='word_1_289' title='bbox 1143 4219 1272 4307; x_wconf 92' lang='lat' dir='ltr'><strong>quidem</strong></span> <span class='ocrx_word' id='word_1_290' title='bbox 1288 4221 1359 4286; x_wconf 90' lang='lat' dir='ltr'><strong>veri</strong></span> <span class='ocrx_word' id='word_1_291' title='bbox 1380 4240 1543 4286; x_wconf 88' lang='lat' dir='ltr'><strong>commen-</strong></span> 
     </span>
    </p>
   </div>
   <div class='ocr_carea' id='block_1_4' title="bbox 397 4469 1543 4716">
    <p class='ocr_par' dir='ltr' id='par_1_7' title="bbox 397 4469 1543 4716">
     <span class='ocr_line' id='line_1_33' title="bbox 467 4469 941 4568; baseline 0.008 -42"><span class='ocrx_word' id='word_1_292' title='bbox 467 4475 488 4541; x_wconf 84' lang='grc'><strong>1)</strong></span> <span class='ocrx_word' id='word_1_293' title='bbox 507 4469 605 4528; x_wconf 79' lang='lat' dir='ltr'><strong>Cicero</strong></span> <span class='ocrx_word' id='word_1_294' title='bbox 623 4475 657 4527; x_wconf 92' lang='lat' dir='ltr'><strong>de</strong></span> <span class='ocrx_word' id='word_1_295' title='bbox 675 4492 714 4531; x_wconf 89' lang='lat' dir='ltr'><strong>or.</strong></span> <span class='ocrx_word' id='word_1_296' title='bbox 731 4477 745 4526; x_wconf 98' lang='lat' dir='ltr'>I</span> <span class='ocrx_word' id='word_1_297' title='bbox 762 4477 805 4541; x_wconf 80' lang='lat'><strong>45,</strong></span> <span class='ocrx_word' id='word_1_298' title='bbox 824 4479 881 4532; x_wconf 83' lang='lat'><strong>198.</strong></span> <span class='ocrx_word' id='word_1_299' title='bbox 928 4533 941 4568; x_wconf 41' lang='lat' dir='ltr'>x</span> 
     </span>
     <span class='ocr_line' id='line_1_34' title="bbox 466 4559 1542 4629; baseline 0.004 -19"><span class='ocrx_word' id='word_1_300' title='bbox 466 4559 488 4626; x_wconf 81' lang='lat'><strong>²)</strong></span> <span class='ocrx_word' id='word_1_301' title='bbox 506 4560 651 4612; x_wconf 89' lang='lat' dir='ltr'><strong>Huschkio</strong></span> <span class='ocrx_word' id='word_1_302' title='bbox 668 4563 742 4612; x_wconf 82' lang='lat' dir='ltr'><strong>viam</strong></span> <span class='ocrx_word' id='word_1_303' title='bbox 759 4563 938 4629; x_wconf 84' lang='lat' dir='ltr'><strong>praeiverunt</strong></span> <span class='ocrx_word' id='word_1_304' title='bbox 957 4579 1017 4615; x_wconf 91' lang='lat' dir='ltr'><strong>cum</strong></span> <span class='ocrx_word' id='word_1_305' title='bbox 1036 4563 1087 4615; x_wconf 84' lang='lat' dir='ltr'><strong>alii</strong></span> <span class='ocrx_word' id='word_1_306' title='bbox 1109 4569 1167 4629; x_wconf 86' lang='lat' dir='ltr'><strong>tum</strong></span> <span class='ocrx_word' id='word_1_307' title='bbox 1189 4565 1308 4616; x_wconf 90' lang='lat' dir='ltr'><strong>omnium</strong></span> <span class='ocrx_word' id='word_1_308' title='bbox 1332 4564 1542 4616; x_wconf 85' lang='lat' dir='ltr'><strong>accuratissime</strong></span> 
     </span>
     <span class='ocr_line' id='line_1_35' title="bbox 397 4646 1543 4716; baseline 0 -16"><span class='ocrx_word' id='word_1_309' title='bbox 397 4648 558 4700; x_wconf 81' lang='lat' dir='ltr'><strong>Vaassenus</strong></span> <span class='ocrx_word' id='word_1_310' title='bbox 576 4646 721 4702; x_wconf 69' lang='lat' dir='ltr'><strong>animadv.</strong></span> <span class='ocrx_word' id='word_1_311' title='bbox 740 4647 881 4703; x_wconf 83' lang='lat' dir='ltr'><strong>hist-crit.</strong></span> <span class='ocrx_word' id='word_1_312' title='bbox 899 4648 935 4699; x_wconf 90' lang='lat' dir='ltr'><strong>ad</strong></span> <span class='ocrx_word' id='word_1_313' title='bbox 953 4650 1041 4701; x_wconf 82' lang='lat' dir='ltr'><strong>fastos</strong></span> <span class='ocrx_word' id='word_1_314' title='bbox 1059 4650 1244 4702; x_wconf 87' lang='lat' dir='ltr'><strong>Romanorum</strong></span> <span class='ocrx_word' id='word_1_315' title='bbox 1262 4664 1356 4702; x_wconf 87' lang='lat' dir='ltr'><strong>sacros</strong></span> <span class='ocrx_word' id='word_1_316' title='bbox 1374 4666 1401 4716; x_wconf 91' lang='lat' dir='ltr'><strong>p.</strong></span> <span class='ocrx_word' id='word_1_317' title='bbox 1415 4651 1462 4699; x_wconf 84' lang='grc'><strong>161</strong></span> <span class='ocrx_word' id='word_1_318' title='bbox 1480 4663 1543 4714; x_wconf 86' lang='lat' dir='ltr'><strong>sqq.</strong></span> 
     </span>
    </p>
   </div>
   <div class='ocr_carea' id='block_1_5' title="bbox 0 0 1884 5634">
    <p class='ocr_par' dir='ltr' id='par_1_8' title="bbox 0 0 1884 5634">
     <span class='ocr_line' id='line_1_36' title="bbox 0 0 1884 5634; baseline 0 0"><span class='ocrx_word' id='word_1_319' title='bbox 0 0 1884 5634; x_wconf 95' lang='lat' dir='ltr'><strong> </strong></span> 
     </span>
    </p>
   </div>
  </div>
 </body>
</html>
