3709 5634
744 622 881 669 nnnvus
904 624 937 670 v.
960 624 1006 670 v1.
1373 612 1444 689 Ι133

302 774 504 841 tabularum:
526 796 678 860 namque
707 774 923 841 coheredibus
952 775 1136 843 uolentibus
1170 802 1191 843 a
1217 780 1443 845 communione

302 876 470 941 discedere
493 876 714 953 necessarium
738 876 914 941 uidebatur
939 876 1082 963 aliquam
1104 880 1267 946 actionem
1289 883 1444 947 constitui

301 1001 366 1063 qua
387 978 472 1043 inter
493 1000 548 1043 eos
571 1000 623 1043 res
645 976 864 1043 hereditariae
886 977 1186 1045 distribuerentur.'

736 1265 922 1345 TABVLA
943 1266 1003 1332 VI.

830 1453 859 1515 1.
881 1452 912 1518 2.

383 1608 455 1655 cun
476 1608 598 1655 unxvu
620 1606 747 1655 naemu
768 1605 1052 1673 ulucrrrvuavn,
1075 1608 1134 1655 vus
1155 1607 1290 1656 amaus
1311 1609 1441 1659 nvncv-

295 1709 434 1775 Pnssm,
458 1709 595 1759 run1vs
618 1711 715 1759 nsro.

381 1812 497 1878 Cicero
521 1810 865 1893 deoff.11116,65.
895 1810 997 1875 ‘Nam
1019 1833 1093 1876 cum
1120 1836 1163 1878 ex
1191 1813 1364 1881 duodecim
1391 1826 1439 1881 ta-

294 1913 383 1982 bulis
406 1914 487 1981 satis
510 1925 598 1981 esset
619 1936 658 1979 aa
679 1913 842 2000 praestari
864 1934 947 1998 quae
968 1924 1078 1979 essent
1104 1913 1216 2001 lingua
1241 1928 1440 2004 nuncupata,

296 2038 399 2104 quae
433 2017 501 2103 qui
534 2016 742 2082 infitiatus
771 2026 894 2097 esset,
928 2014 1043 2101 dupli
1070 2040 1237 2102 poenam
1265 2019 1439 2102 subiret,

296 2141 317 2184 a
338 2118 579 2184 iurisconsultis
604 2118 703 2184 etiarn
724 2118 914 2183 reticentiae
936 2139 1044 2203 poena
1066 2129 1117 2184 est
1137 2120 1339 2187 constituta?

295 2412 413 2463 dictum:
443 2411 515 2463 unde
539 2414 567 2461 et
594 2409 772 2461 erciscendae
795 2412 822 2459 et
845 2408 956 2459 ercisci.
990 2410 1075 2459 citum
1096 2413 1188 2461 antem
1209 2415 1252 2463 est
1271 2415 1402 2463 uocatum
1423 2428 1441 2462 a

295 2497 416 2553 ciendo)
454 2496 562 2547 Gellius
579 2496 614 2547 N.
626 2495 684 2545 A.1
701 2496 727 2556 9,
743 2496 774 2543 12
796 2498 950 2559 ‘tamquam
970 2492 1038 2544 illud
1056 2494 1110 2543 fnit
1123 2496 1246 2546 anticum
1263 2498 1440 2557 consortium,

295 2583 368 2649 quod
384 2584 444 2633 iure
463 2586 547 2647 atque
565 2581 651 2631 uerbo
669 2594 781 2630 romano
800 2579 997 2644 appellabatur
1015 2583 1106 2629 ‘ercto
1124 2596 1180 2631 non
1197 2583 1274 2632 cito!
1312 2583 1440 2632 Donatus

295 2684 341 2733 ap.
355 2666 481 2718 Seruium
500 2666 535 2715 ad
552 2669 619 2716 Aen.
637 2664 704 2715 VlIl
722 2665 771 2714 642
790 2664 880 2715 ‘citae
899 2663 1006 2715 diuisae
1025 2669 1056 2713 nt
1074 2666 1164 2714 estin
1183 2666 1256 2715 iure:
1276 2669 1367 2715 ‘ercto
1385 2682 1441 2716 non

295 2754 373 2807 cito.’
418 2752 487 2814 Quae
514 2758 596 2800 tamen
621 2751 715 2799 rectius
736 2751 772 2799 nd
795 2751 858 2814 lepis
878 2750 1002 2799 actionem
1024 2750 1184 2813 reseruntur.
1215 2751 1251 2813 cf.
1273 2750 1325 2801 Oic.
1347 2752 1379 2800 de
1400 2767 1439 2801 cr.

293 2839 312 2889 1
331 2841 377 2897 56,
398 2841 460 2888 237.
501 2834 603 2887 Omnino
624 2834 737 2899 familiae
764 2834 931 2885 erciscundae
952 2835 980 2883 in
1002 2833 1064 2883 XII
1085 2836 1185 2884 diserta
1207 2836 1299 2885 mentio
1321 2836 1439 2886 entiibsc

293 2940 345 2974 non
362 2924 470 2976 uidetur.

316 3027 318 3030 ¹
363 3042 387 3094 1.
410 3040 511 3091 Festus
528 3056 554 3105 p.
574 3041 622 3091 173
640 3039 678 3088 Μ.
702 3038 885 3103 ‘Nuncupata
903 3036 1024 3102 pecunia
1047 3041 1102 3101 est,
1124 3041 1156 3087 nt
1179 3038 1220 3088 ait
1237 3037 1351 3088 Cincius
1373 3039 1403 3087 in
1419 3039 1439 3091 l.

291 3127 321 3177 Il
340 3125 373 3175 de
392 3124 484 3177 officio
502 3123 706 3187 iurisconsulti,
724 3124 883 3185 nominata,
903 3126 993 3185 certa,
1012 3123 1168 3172 nominibus
1186 3123 1302 3189 propriis
1319 3138 1440 3188 pronun·

293 3212 379 3262 tiata:
404 3214 490 3260 ‘cum
510 3252 516 3265 ‚
535 3246 541 3260 .
562 3245 593 3259 ..
617 3208 721 3271 idest,
744 3208 787 3259 uti
808 3208 958 3258 nominarit
978 3207 1122 3259 locutusne
1142 3209 1209 3272 erit,
1231 3208 1272 3257 ita
1294 3209 1337 3258 ius
1356 3213 1438 3259 esto)

297 3296 356 3348 Cic.
376 3294 410 3346 de
430 3311 468 3347 or.
487 3295 500 3345 I
519 3296 561 3359 b‘l,
579 3295 629 3344 245
648 3292 771 3359 ‘lapides
789 3292 946 3343 mehercule
964 3307 1057 3343 omnes
1075 3293 1140 3343 flere
1158 3309 1193 3343 ac
1210 3293 1359 3343 lamentari
1376 3310 1438 3344 coe·

292 3382 398 3447 gisset,
419 3384 449 3430 ut
469 3384 556 3431 totum
576 3378 645 3429 illud
668 3378 734 3427 ‘uti
759 3378 875 3443 lingua
897 3378 1140 3443 nuncupassit’
1164 3394 1220 3429 non
1241 3379 1271 3427 in
1293 3378 1438 3429 duodecim

295 3466 414 3525 tabulis,
438 3481 506 3529 quas
530 3468 561 3513 tu
583 3463 710 3513 omnibus
732 3462 910 3513 bibliothecis
934 3464 1090 3528 anteponis,
1116 3464 1165 3514 sed
1187 3464 1216 3513 in
1233 3464 1360 3531 magistri
1378 3480 1438 3515 car·

292 3552 365 3601 mine
385 3552 518 3615 scriptum
536 3548 697 3598 uideretur.'
734 3547 770 3597 cf.
789 3548 876 3598 Varro
895 3546 928 3597 de
946 3548 977 3600 L.
994 3549 1027 3600 L.
1047 3548 1085 3599 VI
1102 3549 1135 3599 60
1153 3548 1334 3615 ‘Nuncupare
1352 3550 1438 3600 nomi·

292 3652 360 3685 nare
384 3634 481 3686 ualere
506 3638 623 3698 apparet
652 3634 680 3681 in
702 3632 824 3697 legibus,
853 3632 902 3681 ubi
924 3636 1102 3697 nuncupatae
1125 3636 1263 3698 pecuniae
1286 3638 1350 3685 sunt
1372 3636 1438 3685 scri-

292 3723 380 3785 ptac.’
418 3718 479 3769 Gai.
497 3718 564 3769 Inst.
582 3716 611 3767 H
630 3719 686 3767 104.
704 3716 744 3767 Id.
763 3716 783 3765 l.
801 3717 844 3766 111
863 3715 897 3766 ad
914 3716 934 3768 l.
952 3717 1006 3784 xil
1023 3716 1188 3772 tabularum.
1206 3718 1271 3784 Dig.
1289 3722 1320 3783 2,
1340 3722 1385 3782 14,
1404 3722 1438 3771 48

292 3810 301 3836 ‘
308 3806 342 3855 In
375 3802 569 3853 traditionibus
603 3817 692 3851 rerum
726 3800 905 3866 quodcunque
939 3808 1051 3866 pactum
1083 3803 1133 3865 sit,
1166 3802 1194 3851 id
1224 3802 1320 3853 ualere
1349 3804 1438 3853 mani-

290 3889 472 3941 festissimum
503 3890 571 3937 est’
602 3886 649 3949 (cle
679 3903 726 3952 quo
752 3888 802 3937 vid.
830 3886 1004 3948 Gothofrcdus
1024 3891 1051 3936 in
1075 3887 1136 3937 Not.
1166 3887 1252 3949 brec.)
1302 3888 1437 3938 Boethius

292 3975 328 4025 ad
347 3973 405 4026 Oic‘.
425 3973 492 4037 Tap.
512 3971 554 4021 III
573 3980 599 4037 p'.
618 3973 667 4022 322
690 3968 736 4021 Or.
759 3970 867 4021 ‘Naxus
891 3985 958 4021 uero
983 3976 1025 4022 est
1049 3972 1183 4036 quaedam
1205 3972 1272 4022 iuris
1297 3971 1436 4023 sollemni-

290 4065 336 4110 tas
357 4097 362 4108 .
385 4097 390 4109 .
410 4098 416 4112 .
437 4097 444 4111 .
482 4057 669 4120 Quaecunque
683 4054 779 4121 'igitur
801 4071 845 4106 res
867 4055 930 4121 lege
954 4054 1008 4107 XII
1030 4056 1188 4106 tabularum
1208 4057 1290 4106 aliter
1310 4058 1366 4107 nisi
1387 4074 1437 4123 per

291 4145 365 4195 hanc
398 4142 613 4193 sollemnitatem
645 4141 802 4191 abalienari
834 4156 889 4190 non
920 4144 1057 4205 poterat'
1105 4142 1217 4207 Fragm.
1243 4142 1336 4192 Vatic.
1362 4144 1378 4203 ἕ
1404 4143 1437 4193 50

291 4230 374 4294 ‘quia
397 4232 426 4278 st
447 4226 679 4291 mancipationem
699 4230 726 4275 et
743 4226 772 4275 in
789 4226 849 4275 iure
869 4226 1023 4275 cessionem
1046 4225 1091 4277 lex
1108 4226 1163 4277 XII
1188 4226 1346 4276 tabularum
1371 4243 1433 4277 con·

290 4315 406 4363 firmat'

378 4572 404 4627 1.
422 4572 601 4645 nuncupassit
617 4570 781 4627 Manutius:
797 4544 984 4645 nuncupasset
995 4570 1074 4627 Festi
1087 4572 1149 4627 cod.
1165 4576 1192 4626 et
1207 4570 1350 4627 Ciceronis
1361 4573 1434 4628 libri.

291 4664 371 4713 costo
387 4657 466 4712 Festi
478 4658 540 4712 cod.
