3709 5634
420 629 463 696 28
838 642 951 691 cnrvr
973 641 1149 689 anrnnvn.

422 797 911 890 essupermbuanuaorfsus
928 797 991 885 lp.
1011 796 1086 861 roo:
1110 797 1200 864 carn
1215 766 1395 863 varronem
1417 796 1565 861 notitiam

422 905 580 970 habuisse
600 901 727 991 pridem
752 911 841 966 recte
866 899 1001 986 negavit
1026 899 1206 966 Merkelius
1233 898 1385 985 Prolegg.
1406 899 1440 962 in
1468 898 1566 964 Ovid.

421 1008 515 1072 Fast.
537 1029 569 1092 p.
592 1005 670 1070 CIV
698 1004 754 1089 (cf.
775 1004 1007 1068 Lachmannus
1028 1004 1063 1066 in
1086 1001 1289 1068 Annaliun.
1312 1002 1427 1066 scient.
1450 1001 1568 1068 histor.¹

421 1108 476 1173 XI
498 1108 558 1172 116
581 1129 628 1194 sq.
663 1106 861 1173 Ritschelius
882 1106 1016 1190 Parerg.
1039 1105 1109 1192 Ip.
1131 1105 1223 1191 372);
1260 1104 1316 1192 qui
1341 1102 1434 1168 illum
1458 1105 1568 1170 Verrii

318 1250 325 1257 ·
422 1210 549 1292 Flacci,
571 1231 674 1296 aquo
695 1210 800 1296 primo
822 1208 1019 1291 consulitur,
1041 1206 1211 1296 aequalem
1231 1229 1270 1272 ac
1285 1206 1427 1272 fortasse
1443 1208 1568 1271 socium

367 1382 372 1392 ,
424 1316 615 1398 Augusteae
630 1312 731 1376 aetati
753 1312 946 1378 vindicavit.
977 1309 1049 1375 Iam
1069 1333 1148 1376 vero
1169 1309 1443 1396 quemadmodum
1462 1309 1568 1374 Varro

424 1423 614 1482 constanter
635 1413 792 1479 ‘Aelium'
814 1416 967 1500 obsignat
988 1414 1108 1479 omisso
1130 1421 1163 1478 et
1177 1412 1388 1502 praenomine
1404 1420 1436 1478 et
1451 1433 1567 1498 cogno-

422 1518 510 1583 mine
523 1555 567 1565 -
579 1526 617 1582 ut
636 1517 715 1582 hinc
734 1519 841 1604 ipsum
861 1516 1065 1604 improbetur
1084 1515 1210 1601 Eggeri
1229 1515 1313 1581 ratio
1329 1514 1362 1579 V
1377 1514 1438 1579 148
1450 1524 1492 1580 'et
1509 1514 1570 1580 150

379 1625 382 1630 ’
424 1625 591 1685 ‘Cornelias
610 1623 696 1684 Stilo'
718 1621 752 1683 in
773 1624 820 1685 ‘L
847 1623 947 1683 Aelius
966 1621 1051 1683 Stilo'
1071 1617 1230 1683 mutantis
1251 1617 1360 1683 -ita
1385 1616 1427 1681 de
1453 1615 1569 1682 eodem

422 1725 509 1788 idem
534 1723 623 1808 apud
645 1722 800 1787 Verrium
824 1719 981 1785 Flaccum
1008 1720 1108 1786 semel
1135 1721 1265 1807 saepius
1290 1742 1353 1784 usu
1379 1719 1485 1785 venit:
1514 1719 1569 1806 qui

423 1849 496 1891 cum
524 1825 733 1910 undeviginti
761 1823 842 1890 locis
872 1821 1004 1888 Aelium
1033 1821 1207 1906 Stilonem,
1244 1823 1352 1890 tribus
1388 1832 1421 1889 et
1449 1821 1570 1907 viginti

422 1927 554 1993 Aelium
580 1926 729 2009 Gallum,
751 1925 924 1991 duodecim
946 1925 1138 2014 simpliciter
1159 1925 1290 1990 Aelium
1311 1926 1477 2006 citaverit,
1503 1946 1568 1990 uno

423 2029 539 2095 saltem
566 2023 608 2094 ex
633 2027 684 2092 his
709 2027 824 2093 titulus
851 2028 983 2094 additus
1013 2033 1056 2092 ‘in
1080 2033 1296 2108 explanatione
1319 2033 1488 2092 carminum
1514 2030 1568 2091 Sa-

423 2137 557 2197 liariam’
584 2140 750 2196 auctorem
779 2153 846 2196 non
875 2131 955 2196 sinit
983 2130 1158 2197 obscurum
1188 2153 1275 2213 esse,
1306 2153 1380 2194 cum
1409 2129 1452 2194 ab
1482 2128 1569 2194 Aelii

424 2233 514 2300 Galli
528 2234 674 2315 nomine,
696 2233 802 2299 sicubi
819 2233 942 2298 diserta
956 2232 1034 2298 libri
1050 2233 1288 2318 significatione
1304 2241 1457 2317 augetur,
1478 2255 1568 2296 num·

424 2357 522 2423 quam
543 2335 631 2400 absit
650 2357 842 2421 cognomen.
877 2334 952 2400 Scio
974 2333 1125 2430 equidem
1150 2336 1221 2399 fore
1246 2336 1301 2420 qui
1326 2344 1508 2421 provocant
1528 2335 1569 2398 ad

424 2438 516 2503 Festi
538 2438 647 2504 locum
669 2462 703 2524 p.
723 2438 786 2503 352
806 2436 855 2502 M.
875 2435 973 2503 valde
997 2435 1206 2520 lacunosum,
1236 2437 1294 2503 ubi
1320 2459 1403 2525 quac
1431 2437 1471 2502 de
1497 2436 1570 2522 lege
1688 2435 1689 2516 J

425 2539 553 2605 curiata
574 2561 603 2603 a.
623 2539 827 2605 DXXXIX.
848 2539 917 2605 lata
941 2547 1132 2622 narrantur,
1162 2541 1196 2604 in
1223 2539 1336 2606 codice
1361 2539 1570 2627 excipiuntur
1688 2591 1689 2596 ,

424 2643 536 2708 verbis
557 2680 601 2691 —
621 2647 674 2707 ‘vit
693 2647 794 2707 Actias
814 2648 845 2706 in
866 2645 937 2707 XII
955 2647 1013 2722 εἰμ’
1021 2641 1049 2726 ¹)
1069 2681 1111 2690 —-
1133 2642 1362 2730 suppletisxab
1383 2642 1505 2708 Ursino
1522 2651 1571 2706 -‘at

424 2751 537 2810 notavit
562 2749 661 2811 Aelius
683 2751 714 2809 in
736 2747 807 2808 XII
817 2751 1065 2823 munificationnm
1094 2749 1272 2810 verboram.²
1315 2745 1414 2830 Quod
1442 2743 1568 2833 supple·
1687 2805 1688 2824 ,

425 2856 570 2912 mentum
604 2870 700 2912 omne
733 2847 896 2912 editorum
931 2855 1088 2933 punctum
1129 2848 1176 2910 ita
1210 2845 1301 2931 tulit,
1343 2858 1381 2914 ut
1417 2847 1478 2934 qui
1513 2869 1569 2911 nu-

424 2972 484 3036 per
516 2948 659 3034 glossam
693 2948 788 3015 aliter
821 2950 1061 3014 constituerunt
1089 2949 1311 3014 Mommsenus
1349 2948 1447 3034 (Mus.
1479 2947 1569 3013 rhen'.

424 3052 514 3116 XIII
528 3051 591 3116 568
606 3053 693 3139 sqq.)
715 3052 848 3138 eiusque
869 3052 1020 3136 vestigiis
1041 3051 1196 3116 insistens
1212 3051 1377 3136 Bergkius
1395 3051 1454 3137 (ib.
1470 3051 1568 3116 XIX.

424 3176 456 3241 p.
472 3153 549 3240 606)
570 3153 647 3218 inde
668 3155 749 3220 adeo
771 3153 1063 3239 argumentationis
1084 3161 1211 3240 partem
1231 3163 1379 3240 repetere
1399 3176 1466 3217 non
1480 3175 1570 3218 verc-

424 3266 549 3321 rentur.
591 3255 798 3343 Quamquam
820 3255 1001 3342 quomodo
1022 3255 1103 3320 haec
1124 3256 1163 3322 dc
1184 3255 1255 3340 lcgo
1277 3257 1404 3321 curiata
1423 3258 1568 3322 narratio

382 3360 391 3374 ⁰
424 3358 459 3420 in
479 3356 691 3423 iureconsulti
712 3356 796 3422 libro
825 3357 866 3421 de
892 3357 1069 3423 verborum
1096 3358 1335 3443 significatione
1361 3357 1469 3424 locum
1495 3370 1569 3446 apte
1685 3385 1686 3434 3

424 3459 592 3539 habuerit,
613 3480 655 3522 ne
674 3458 726 3522 his
747 3459 879 3545 quidem
900 3459 980 3524 satis
997 3459 1137 3544 contigit
1151 3459 1337 3546 explanare.
1369 3461 1439 3526 Nec
1453 3461 1569 3548 proba·

426 3559 494 3626 bile
509 3568 559 3624 est
581 3559 757 3626 duodecim
777 3561 847 3625 eius
874 3561 982 3648 operis
1003 3559 1103 3627 libros
1127 3562 1245 3628 fuisse:
1273 3585 1348 3629 cum
1374 3587 1416 3628 ex
1442 3563 1569 3629 duobus

426 3671 554 3728 tantum
576 3661 763 3748 fragmenta
783 3664 979 3729 nominatim
993 3664 1177 3730 referantur
1192 3686 1294 3752 eaque
1309 3667 1356 3732 ita
1370 3675 1569 3753 comparata,
1684 3697 1685 3708 ¹

425 3774 463 3830 ut
483 3765 553 3830 fere
574 3765 750 3853 suspiceris
770 3764 893 3831 librum
914 3767 1120 3853 alphabetico
1142 3766 1257 3832 ordine
1283 3769 1386 3834 verba
1411 3767 1570 3855 discripta

426 3865 656 3952 exhibuisse.²)
690 3867 793 3933 Recte
811 3867 914 3953 igitur
935 3891 1106 3934 numerum
1127 3869 1169 3934 ad
1185 3868 1256 3936 XII
1270 3869 1400 3936 tabulas
1416 3869 1569 3956 Suringa-

496 4108 518 4177 ¹)
535 4113 595 4175 sta,
613 4126 668 4161 non
685 4111 776 4176 sinat,
795 4112 916 4162 testatur
935 4110 1050 4162 Kailios.
1179 4157 1181 4160 Α

493 4194 514 4259 ²)
533 4196 575 4246 Ex
592 4194 691 4246 libroI
708 4195 820 4262 glossae
839 4196 961 4246 citantur
978 4195 1013 4246 ad
1031 4197 1145 4262 ‘paries’
1164 4195 1238 4263 (Dig.
1252 4199 1295 4262 50,
1314 4199 1339 4262 6,
1359 4194 1418 4261 15⁷)
1438 4201 1467 4248 ct
1485 4201 1570 4264 ‘post-

427 4279 534 4331 liminio
552 4284 705 4346 receptum’
720 4278 817 4346 (rest)
831 4295 864 4330 cx
878 4279 896 4331 l.
909 4281 938 4331 11
951 4285 1046 4342 ‘rcus’,
1065 4281 1186 4348 ‘saltus’,
1206 4286 1335 4334 ‘torrens’
1349 4281 1458 4349 (Post),
1478 4283 1571 4335 ‘vesti-
1682 4291 1683 4294 ’

426 4363 530 4415 bulum’
550 4364 636 4428 (Gell.
654 4366 718 4418 XVI
736 4367 761 4429 b,
780 4369 805 4419 3,
825 4365 950 4416 Macrob.
968 4365 1028 4417 Sat.
1046 4365 1084 4418 VI
1100 4365 1138 4432 8).
1175 4369 1252 4430 Quae
1271 4369 1345 4419 ratio
1363 4383 1420 4418 non
1438 4369 1571 4420 evertitur

427 4466 459 4501 eo
478 4449 549 4515 quod
570 4451 601 4500 in
618 4451 745 4517 Digestis
768 4451 787 4503 l.
807 4451 826 4504 l.
845 4451 929 4502 ettam
948 4453 1043 4502 ‘vlae’
1067 4452 1236 4518 significatio
1259 4457 1400 4520 tamquam
1423 4470 1457 4504 ox
1479 4455 1569 4520 priore
1603 4477 1605 4484 ·

425 4535 497 4586 libro
515 4535 660 4602 desumpta
679 4535 800 4588 additur:
820 4540 931 4589 constat
948 4537 1035 4600 enim,
1062 4538 1109 4602 qui
1127 4537 1291 4590 luitnotus
1310 4555 1327 4590 a
1346 4539 1570 4605 compilatoribus

421 4621 603 4686 Digestorum
620 4622 777 4688 institutus,
796 4624 865 4675 satis
883 4621 1019 4676 infirmam
1042 4639 1102 4674 esse
1126 4639 1219 4675 earum
1242 4624 1456 4692 inscriptionum
1475 4629 1568 4677 aucto-

367 4742 371 4748 ·
425 4706 546 4760 ritatem.
921 4723 924 4729 ·
