3709 5634
752 659 891 711 mmm
912 660 974 712 x11.
1375 643 1435 713 161

802 817 834 881 4.
859 816 919 901 (3.)

378 954 410 1001 sr
432 952 620 1000 vmnromu
643 952 782 1001 sanson
812 952 916 999 rvmr
947 952 1025 999 srvs
1047 954 1138 1001 mnrs
1162 988 1169 1002 .
1193 984 1202 999 .
1227 985 1235 1001 .
1259 939 1436 1021 [praepos]

291 1056 463 1103 nusrruos
492 1056 569 1103 rius
598 1054 712 1119 narn,
743 1054 864 1101 souvu
892 1054 1060 1101 numrnro
1085 1087 1093 1103 .
1118 1086 1159 1103 ..
1193 1055 1437 1105 1111011111-

291 1157 422 1204 Pmoun
445 1157 596 1203 nnunvrn
619 1156 800 1204 nncunro.
1042 1123 1048 1133 ’

794 1292 853 1357 *5.
892 1292 922 1355 4.

376 1410 479 1475 Gaius
508 1410 530 1474 l.
559 1410 609 1475 VI
637 1411 680 1475 ad
708 1411 814 1495 legem
842 1293 1140 1475 Xil)tabularum.
1184 1412 1227 1475 D.
1255 1411 1312 1492 44,
1340 1412 1376 1492 6,
1405 1413 1437 1476 3.

292 1513 408 1594 ruem,
430 1512 471 1575 de
493 1534 558 1598 qua
587 1513 811 1577 controuersia
833 1520 898 1594 esi,
926 1512 1139 1599 prohibemur
1165 1514 1199 1576 in
1227 1534 1357 1576 sacrum
1385 1514 1438 1577 de·

291 1615 416 1679 dicare:
452 1612 596 1699 alioquin
628 1612 721 1700 dupli
754 1636 895 1699 poenam
929 1616 1073 1700 patimur
1097 1661 1261 1678 ......
1295 1616 1352 1677 sed
1380 1614 1437 1678 du-

290 1715 380 1802 plum
408 1725 519 1781 utrum
541 1714 620 1781 fisco
644 1716 900 1781 an·aduersario
927 1715 1162 1801 praestandum
1184 1716 1243 1798 sit,
1272 1715 1353 1780 nihil
1381 1739 1437 1781 ex·
1505 1727 1507 1732 '

290 1817 465 1904 primitur.'

290 2078 395 2133 stiterit
413 2076 497 2140 alter,
522 2078 643 2127 simodo
662 2093 723 2127 cum
742 2094 774 2128 so
794 2092 900 2143 quoque
920 2094 954 2127 sx
977 2077 1039 2143 lege
1057 2076 1170 2143 Aquilia
1191 2076 1238 2128 uel
1260 2092 1294 2127 cx
1316 2077 1371 2128 XII
1394 2083 1436 2128 ta·

290 2162 365 2213 bulis
386 2162 432 2227 agi
450 2164 556 2226 potest,
576 2166 686 2226 repetat
704 2178 721 2211 a
740 2163 814 2212 socio
833 2163 917 2211 sicuti
936 2178 998 2212 cum
1018 2162 1156 2212 communi
1172 2164 1214 2212 rei
1232 2163 1354 2212 nocitum
1374 2166 1437 2213 est.’

289 2247 393 2297 Paulus
412 2244 487 2295 Seni.
507 2247 535 2295 ΙΙ
547 2248 618 2310 31,7
637 2246 750 2297 ‘Seruus
769 2248 815 2313 qui
833 2248 936 2297 lurtum
955 2248 1056 2297 fecerit
1074 2247 1237 2298 damnumue
1255 2247 1363 2297 dederit
1381 2248 1435 2297 nisi

289 2331 317 2380 id
335 2347 385 2398 pro
404 2332 447 2379 sui
465 2332 620 2396 quantitate
640 2330 764 2381 dominus
782 2333 886 2399 sarcire
905 2334 943 2381 sit
961 2337 1089 2398 paratus,
1108 2348 1197 2383 noxae
1217 2332 1281 2382 dedi
1300 2332 1413 2399 potest.'

355 2419 382 2469 4.
401 2418 501 2465 Festus
523 2432 549 2480 p.
561 2416 610 2466 376
623 2416 660 2469 Μ.
680 2418 723 2479 (84
740 2414 875 2482 Momms.)
896 2417 1055 2468 ‘Vindicius
1075 2417 1251 2483 appellantur
1269 2434 1313 2468 res
1331 2434 1383 2468 eae
1402 2418 1436 2468 de

290 2502 389 2565 quibus
409 2501 598 2551 controuersia
623 2506 679 2567 est,
699 2500 770 2565 quod
788 2501 879 2566 potius
899 2501 1001 2551 dicitur
1018 2503 1061 2551 nis
1081 2518 1162 2567 quarn
1184 2501 1216 2551 fit
1232 2503 1305 2553 inter
1323 2518 1371 2554 eos
1390 2504 1436 2567 qni

290 2586 487 2636 contendunt.
508 2622 514 2633 .
534 2618 541 2632 .
561 2576 576 2634 .’
603 2585 645 2634 De
669 2601 720 2649 quo
742 2588 828 2637 uerbo
846 2584 967 2646 Cincius
990 2587 1031 2636 sic
1054 2589 1107 2636 ait:
1130 2587 1290 2637 ‘vindiciae
1313 2589 1378 2638 olim
1396 2586 1436 2635 di-

289 2672 424 2722 cebantur
441 2670 507 2719 illas
526 2669 584 2731 (orn.
604 2670 656 2720 Ed.
674 2672 758 2733 princ.
778 2674 852 2721 1510.
870 2673 955 2735 suppl.
972 2672 1136 2721 Victorianus
1153 2673 1195 2722 ed.
1206 2673 1315 2735 Aupust.
1335 2670 1435 2737 glebae

288 2754 450 2819 Raeuardus)
479 2769 551 2819 quas
580 2770 613 2805 ex
636 2755 720 2805 fundo
743 2760 868 2821 sumptae
889 2756 917 2804 in
936 2756 979 2805 ius
999 2754 1109 2805 adlatae
1128 2759 1227 2808 erant!
1251 2757 1287 2805 At
1302 2755 1436 2808 61116111-

289 2842 378 2905 picius
397 2837 518 2904 (nomine
538 2837 635 2905 elbam
658 2840 839 2905 singulariter
856 2840 975 2890 formato
994 2840 1145 2889 uindiciam
1169 2855 1231 2890 esse
1255 2843 1296 2889 ait
1321 2838 1436 2904 (dictam

289 2925 353 2989 q)na
380 2924 413 2975 de
437 2940 467 2974 rs
492 2926 682 2975 controuersia
709 2928 759 2983 ost,
783 2919 817 2975 ab
843 2939 874 2975 eo
898 2924 972 2988 quod
994 2923 1166 2974 uindicatur:
1190 2928 1219 2974 et
1238 2923 1306 2990 (uti)
1330 2926 1359 2975 in
1381 2927 1436 2977 XII

289 3012 362 3061 ε11.
383 3044 390 3059 .
410 3011 429 3059 .'
458 3008 494 3063 cf.
514 3009 581 3061 Ood.
601 3008 736 3061 Theodos.
754 3011 793 3061 IV
807 3012 852 3074 19,
873 3012 885 3059 1
906 3010 997 3071 ‘Quod
1016 3026 1033 3059 a
1050 3010 1131 3061 nobis
1150 3008 1275 3075 exemplo
1294 3011 1437 3075 aequabili

289 3110 321 3143 ex
340 3095 410 3143 iuris
429 3094 514 3159 prisci
532 3098 575 3145 sut
593 3094 716 3144 formulis
734 3095 935 3154 introductum,
953 3101 984 3157 ut
1002 3096 1068 3159 quia
1080 3095 1171 3145 malas
1183 3094 1249 3144 fidei
1259 3110 1433 3161 possessores

287 3180 317 3229 iu
335 3180 443 3230 fruetus
456 3178 553 3245 duplos
567 3178 778 3245 conueniuntur,
797 3192 890 3243 aeque
907 3178 998 3229 malae
1015 3179 1080 3230 fidei
1091 3180 1229 3231 debitores
1242 3180 1330 3229 simile
1343 3180 1436 3229 damni

288 3263 442 3330 periculum
463 3268 666 3329 persequatur)
706 3266 792 3315 Gaius
809 3265 828 3315 l.
846 3266 885 3315 VI
904 3264 940 3315 ad
961 3266 1052 3329 legem
1069 3266 1124 3315 XII
1141 3264 1219 3315 tobb.
1243 3266 1277 3315 D.
1297 3268 1338 3327 22,
1359 3266 1382 3327 1,
1403 3268 1435 3315 19

288 3351 448 3402 ‘Videamus
467 3364 504 3399 an
522 3350 551 3399 in
570 3349 694 3400 omnibus
718 3351 801 3400 rebus
819 3350 917 3415 petitis
940 3350 970 3398 in
987 3350 1094 3420 fructus
1113 3364 1220 3414 qnoque
1239 3351 1437 3401 condemnetur

287 3432 445 3500 possessor'
466 3450 490 3487 e.
505 3450 530 3500 q.
544 3450 566 3485 s.
606 3434 741 3500 leianus
759 3436 794 3485 D.
814 3437 858 3498 10,
877 3436 908 3497 4,
927 3437 944 3485 9
962 3435 977 3495 ἓ
996 3438 1011 3485 6
1030 3434 1102 3484 ‘nisi
1119 3438 1234 3500 paratus
1257 3436 1295 3485 sit
1313 3436 1435 3514 repetita

287 3520 331 3571 dis
350 3520 534 3574 intentionem
553 3520 695 3585 suscipere
714 3520 769 3585 ita,
788 3524 819 3569 ut
837 3520 944 3570 fructus
963 3519 1113 3569 secundum
1132 3519 1435 3585 legem'aestimentur.

286 3604 391 3656 Paulus
414 3606 482 3655 Exc.
502 3620 535 3655 ex
553 3606 637 3655 Festo
655 3621 681 3671 p.
700 3605 732 3654 66
749 3606 787 3657 Μ.
806 3604 988 3671 ‘Duplionem
1010 3606 1119 3668 antiqui
1140 3604 1272 3655 dicebant
1293 3607 1364 3670 qu'od
1385 3621 1435 3657 nos
1491 3654 1494 3658 .

288 3690 412 3757 duplum,
434 3690 513 3740 uenit
534 3693 626 3741 autem
645 3705 662 3739 a
683 3705 785 3755 graeco
802 3688 939 3742 otiloni)

373 3931 403 3993 4.
427 3934 544 3991 sinclitis
558 3976 564 3989 .
577 3974 583 3989 .
598 3976 604 3989 .
620 3974 626 3990 .
641 3941 685 3991 tor
697 3932 754 3991 orl).
774 3931 863 3990 Velie.
874 3934 957 3988 2731.
971 3930 1049 3989 Leid.
1066 3931 1247 3989 Ursinianus.
1263 3933 1323 3988 siue
1339 3932 1433 3991 litis..

287 4027 331 4077 ter
354 4021 411 4077 arb.
440 4020 622 4077 Victorianus
645 4021 703 4075 siue
724 4020 780 4075 litis
803 4019 860 4075 urb.
891 4017 954 4075 Vel.
982 4022 1055 4073 rsit
1081 4018 1136 4075 Ee.
1158 4018 1278 4089 Aupust.
1303 4014 1354 4092 (lot
1374 4018 1431 4074 arb.

286 4122 342 4179 mp.
361 4104 444 4181 Aup.)
477 4106 499 4161 si
516 4104 583 4159 uelit
604 4107 627 4160 is
650 4113 760 4177 praetor
781 4105 838 4161 arb.
861 4106 982 4161 Ursinus
1000 4105 1083 4174 prob.
1099 4102 1269 4158 Huselilnus
1288 4102 1351 4159 Iur.
1375 4111 1432 4159 ent.

285 4207 315 4261 p.
335 4196 373 4246 26
388 4190 586 4247 Mommsenus.
607 4192 647 4245 rei
663 4189 722 4246 sine
742 4190 799 4245 litis
822 4190 878 4245 arb.
903 4189 1037 4245 Cuineius
1059 4188 1138 4244 Obss.
1163 4189 1237 4243 Vr]
1254 4189 1336 4258 prob.
1355 4187 1431 4244 Scul.

287 4278 324 4333 nl.
352 4276 434 4332 stlitis
451 4284 478 4331 et
493 4275 672 4331 uindicinrom
687 4282 799 4348 praetor
813 4274 870 4330 arb.
890 4273 920 4331 0.
938 4274 1096 4329 Muellerus
1111 4274 1194 4329 stlilis
1210 4274 1388 4328 uindiciarnm
1400 4292 1428 4347 p.

287 4378 311 4416 a.
328 4361 465 4417 Kellerns
479 4360 565 4416 Proc.
582 4362 654 4416 einil.
673 4376 706 4431 p.
725 4363 760 4415 29
775 4377 803 4416 n.
823 4363 888 4416 108.
909 4367 1020 4433 praetor
1034 4361 1147 4416 seclusi.
1214 4359 1264 4413 tris
1287 4358 1350 4414 Vel.
1369 4362 1433 4413 12:

288 4446 409 4503 1111111.
428 4447 499 4501 neris
515 4446 652 4517 mp.Aup.
684 4462 779 4501 eorum
795 4444 909 4501 arbitrio
931 4446 1120 4501 Ursinianus:
1135 4460 1228 4500 eornm
1244 4443 1350 4498 arbitrii
1370 4444 1431 4498 Vct.

289 4532 305 4585 I
322 4534 340 4585 2
366 4531 421 4587 Ed.
439 4531 511 4602 Aup.
535 4547 588 4586 orn.
604 4532 634 4585 in
650 4530 729 4585 niatu
753 4529 858 4586 Victor.
889 4529 965 4586 Ante
981 4530 1086 4586 lruclus
1102 4532 1207 4585 lacuna
1222 4530 1302 4583 nullu
1317 4531 1347 4583 in
1370 4529 1433 4584 Vnt.

289 4618 368 4669 1549
382 4622 409 4670 et
425 4617 479 4671 Ed.
498 4615 569 4687 nup.
624 4632 687 4671 reus
705 4619 782 4684 (euni
797 4614 944 4683 Marcilio)
954 4620 984 4671 s.
998 4632 1143 4688 possessor
1153 4615 1249 4685 suppl.
1263 4612 1431 4669 Muellerus.

287 4700 326 4755 rei
343 4699 522 4756 Huselrlrius.
589 4700 676 4757 lactus
691 4700 717 4756 d.
733 4700 850 4756 donnum
866 4702 972 4757 ilecidel
994 4700 1100 4756 Victor.
1380 4703 1384 4714 ’

341 4800 462 4857 sirion,
478 4802 542 4857 Legis
557 4802 595 4844 xo
610 4804 654 4846 nu
669 4802 731 4856 resq.
1191 4797 1229 4862 11
1272 4767 1275 4772 ⁴
