<?xml version="1.0" encoding="UTF-8"?>
<!DOCTYPE html PUBLIC "-//W3C//DTD XHTML 1.0 Transitional//EN"
    "http://www.w3.org/TR/xhtml1/DTD/xhtml1-transitional.dtd">
<html xmlns="http://www.w3.org/1999/xhtml" xml:lang="en" lang="en">
 <head>
  <title>
</title>
<meta http-equiv="Content-Type" content="text/html;charset=utf-8" />
  <meta name='ocr-system' content='tesseract 3.04.00' />
  <meta name='ocr-capabilities' content='ocr_page ocr_carea ocr_par ocr_line ocrx_word'/>
</head>
<body>
  <div class='ocr_page' id='page_1' title='image "./legisdvodecimta00schgoog_0055.png"; bbox 0 0 3709 5634; ppageno 0'>
   <div class='ocr_carea' id='block_1_1' title="bbox 453 613 1466 695">
    <p class='ocr_par' dir='ltr' id='par_1_1' title="bbox 453 613 1466 695">
     <span class='ocr_line' id='line_1_1' title="bbox 453 613 1466 695; baseline 0.005 -23"><span class='ocrx_word' id='word_1_1' title='bbox 453 625 501 672; x_wconf 82' lang='lat' dir='ltr'><strong>na</strong></span> <span class='ocrx_word' id='word_1_2' title='bbox 523 624 718 695; x_wconf 80' lang='lat' dir='ltr'><strong>versamus</strong></span> <span class='ocrx_word' id='word_1_3' title='bbox 741 624 792 670; x_wconf 85' lang='lat' dir='ltr'><strong>xu</strong></span> <span class='ocrx_word' id='word_1_4' title='bbox 815 623 1028 674; x_wconf 75' lang='lat' dir='ltr'><strong>rsavnauvu</strong></span> <span class='ocrx_word' id='word_1_5' title='bbox 1049 624 1337 677; x_wconf 79' lang='lat' dir='ltr'><strong>tursaranrmvs.</strong></span> <span class='ocrx_word' id='word_1_6' title='bbox 1424 613 1466 677; x_wconf 74' lang='lat'><strong>37</strong></span> 
     </span>
    </p>
   </div>
   <div class='ocr_carea' id='block_1_2' title="bbox 297 777 1541 1990">
    <p class='ocr_par' dir='ltr' id='par_1_2' title="bbox 297 777 1541 1990">
     <span class='ocr_line' id='line_1_2' title="bbox 403 777 1462 864; baseline 0.004 -20"><span class='ocrx_word' id='word_1_7' title='bbox 403 780 451 844; x_wconf 89' lang='lat' dir='ltr'><strong>At</strong></span> <span class='ocrx_word' id='word_1_8' title='bbox 472 801 513 843; x_wconf 92' lang='lat' dir='ltr'><strong>ne</strong></span> <span class='ocrx_word' id='word_1_9' title='bbox 533 778 722 844; x_wconf 79' lang='lat' dir='ltr'><strong>‘Valerius&#39;</strong></span> <span class='ocrx_word' id='word_1_10' title='bbox 744 778 875 864; x_wconf 89' lang='lat' dir='ltr'><strong>quidem</strong></span> <span class='ocrx_word' id='word_1_11' title='bbox 895 801 1013 844; x_wconf 90' lang='lat' dir='ltr'><strong>nomen</strong></span> <span class='ocrx_word' id='word_1_12' title='bbox 1032 788 1121 845; x_wconf 90' lang='lat' dir='ltr'><strong>recte</strong></span> <span class='ocrx_word' id='word_1_13' title='bbox 1142 778 1198 846; x_wconf 93' lang='lat' dir='ltr'><strong>illo</strong></span> <span class='ocrx_word' id='word_1_14' title='bbox 1220 780 1292 848; x_wconf 89' lang='lat' dir='ltr'><strong>loco</strong></span> <span class='ocrx_word' id='word_1_15' title='bbox 1314 777 1462 848; x_wconf 80' lang='lat' dir='ltr'><strong>additur:</strong></span> 
     </span>
     <span class='ocr_line' id='line_1_3' title="bbox 316 879 1463 969; baseline 0.003 -23"><span class='ocrx_word' id='word_1_16' title='bbox 316 906 383 969; x_wconf 95' lang='lat' dir='ltr'><strong>quo</strong></span> <span class='ocrx_word' id='word_1_17' title='bbox 399 903 562 967; x_wconf 86' lang='lat' dir='ltr'><strong>nusquam</strong></span> <span class='ocrx_word' id='word_1_18' title='bbox 576 879 764 946; x_wconf 78' lang='lat' dir='ltr'><strong>Messallam</strong></span> <span class='ocrx_word' id='word_1_19' title='bbox 785 902 944 966; x_wconf 83' lang='lat' dir='ltr'>augurem</span> <span class='ocrx_word' id='word_1_20' title='bbox 959 891 1091 948; x_wconf 91' lang='lat' dir='ltr'><strong>auctum</strong></span> <span class='ocrx_word' id='word_1_21' title='bbox 1111 882 1258 948; x_wconf 88' lang='lat' dir='ltr'><strong>invenies</strong></span> <span class='ocrx_word' id='word_1_22' title='bbox 1280 907 1345 949; x_wconf 89' lang='lat' dir='ltr'><strong>non</strong></span> <span class='ocrx_word' id='word_1_23' title='bbox 1364 885 1463 958; x_wconf 89' lang='lat' dir='ltr'><strong>modo</strong></span> 
     </span>
     <span class='ocr_line' id='line_1_4' title="bbox 297 982 1462 1072; baseline 0.002 -24"><span class='ocrx_word' id='word_1_24' title='bbox 297 983 409 1071; x_wconf 66' lang='lat' dir='ltr'><strong>&#39;apud</strong></span> <span class='ocrx_word' id='word_1_25' title='bbox 424 985 575 1066; x_wconf 78' lang='lat' dir='ltr'><strong>Festum,</strong></span> <span class='ocrx_word' id='word_1_26' title='bbox 602 982 661 1048; x_wconf 88' lang='lat' dir='ltr'><strong>sed</strong></span> <span class='ocrx_word' id='word_1_27' title='bbox 681 983 749 1048; x_wconf 84' lang='lat' dir='ltr'><strong>non</strong></span> <span class='ocrx_word' id='word_1_28' title='bbox 768 983 873 1068; x_wconf 89' lang='lat' dir='ltr'><strong>magis</strong></span> <span class='ocrx_word' id='word_1_29' title='bbox 895 983 984 1069; x_wconf 88' lang='lat' dir='ltr'><strong>apud</strong></span> <span class='ocrx_word' id='word_1_30' title='bbox 999 983 1160 1066; x_wconf 80' lang='lat' dir='ltr'><strong>Gellium,</strong></span> <span class='ocrx_word' id='word_1_31' title='bbox 1176 984 1382 1054; x_wconf 89' lang='lat' dir='ltr'><strong>Macrobium</strong></span> <span class='ocrx_word' id='word_1_32' title='bbox 1405 986 1462 1072; x_wconf 91' lang='lat' dir='ltr'><strong>(cf.</strong></span> 
     </span>
     <span class='ocr_line' id='line_1_5' title="bbox 315 1084 1464 1169; baseline 0.003 -18"><span class='ocrx_word' id='word_1_33' title='bbox 315 1086 387 1152; x_wconf 87' lang='lat' dir='ltr'><strong>Sat.</strong></span> <span class='ocrx_word' id='word_1_34' title='bbox 402 1087 421 1151; x_wconf 94' lang='grc' dir='ltr'>Ι</span> <span class='ocrx_word' id='word_1_35' title='bbox 438 1086 489 1169; x_wconf 89' lang='grc'><strong>16)</strong></span> <span class='ocrx_word' id='word_1_36' title='bbox 511 1085 645 1152; x_wconf 91' lang='lat' dir='ltr'><strong>aliosve.</strong></span> <span class='ocrx_word' id='word_1_37' title='bbox 676 1084 773 1150; x_wconf 87' lang='lat' dir='ltr'>Unde</span> <span class='ocrx_word' id='word_1_38' title='bbox 792 1085 860 1149; x_wconf 86' lang='lat' dir='ltr'><strong>iam</strong></span> <span class='ocrx_word' id='word_1_39' title='bbox 879 1084 1052 1151; x_wconf 85' lang='lat' dir='ltr'><strong>Huschkio</strong></span> <span class='ocrx_word' id='word_1_40' title='bbox 1073 1087 1141 1152; x_wconf 90' lang='lat' dir='ltr'><strong>Iur.</strong></span> <span class='ocrx_word' id='word_1_41' title='bbox 1158 1097 1225 1153; x_wconf 90' lang='lat' dir='ltr'><strong>ant.</strong></span> <span class='ocrx_word' id='word_1_42' title='bbox 1247 1087 1306 1154; x_wconf 89' lang='lat' dir='ltr'><strong>l.1.</strong></span> <span class='ocrx_word' id='word_1_43' title='bbox 1322 1112 1355 1154; x_wconf 93' lang='lat' dir='ltr'><strong>n.</strong></span> <span class='ocrx_word' id='word_1_44' title='bbox 1372 1089 1392 1153; x_wconf 88' lang='lat'>9</span> <span class='ocrx_word' id='word_1_45' title='bbox 1413 1111 1464 1154; x_wconf 87' lang='lat' dir='ltr'><strong>su·</strong></span> 
     </span>
     <span class='ocr_line' id='line_1_6' title="bbox 312 1187 1462 1274; baseline 0.003 -22"><span class='ocrx_word' id='word_1_46' title='bbox 312 1189 414 1274; x_wconf 88' lang='lat' dir='ltr'><strong>spitio</strong></span> <span class='ocrx_word' id='word_1_47' title='bbox 430 1198 481 1253; x_wconf 89' lang='lat' dir='ltr'><strong>est</strong></span> <span class='ocrx_word' id='word_1_48' title='bbox 495 1197 575 1253; x_wconf 92' lang='lat' dir='ltr'><strong>nata</strong></span> <span class='ocrx_word' id='word_1_49' title='bbox 588 1211 654 1254; x_wconf 91' lang='lat' dir='ltr'><strong>non</strong></span> <span class='ocrx_word' id='word_1_50' title='bbox 668 1187 807 1251; x_wconf 92' lang='lat' dir='ltr'><strong>eundem</strong></span> <span class='ocrx_word' id='word_1_51' title='bbox 823 1208 894 1252; x_wconf 91' lang='lat' dir='ltr'><strong>esse</strong></span> <span class='ocrx_word' id='word_1_52' title='bbox 910 1195 1008 1274; x_wconf 89' lang='lat' dir='ltr'><strong>atque</strong></span> <span class='ocrx_word' id='word_1_53' title='bbox 1024 1211 1184 1274; x_wconf 78' lang='lat' dir='ltr'><strong>augurem</strong></span> <span class='ocrx_word' id='word_1_54' title='bbox 1197 1189 1365 1256; x_wconf 89' lang='lat' dir='ltr'><strong>Valerium</strong></span> <span class='ocrx_word' id='word_1_55' title='bbox 1376 1190 1462 1274; x_wconf 83' lang='lat' dir='ltr'><strong>Mes-</strong></span> 
     </span>
     <span class='ocr_line' id='line_1_7' title="bbox 313 1288 1463 1377; baseline 0.003 -23"><span class='ocrx_word' id='word_1_56' title='bbox 313 1289 448 1373; x_wconf 83' lang='lat' dir='ltr'><strong>sallam,</strong></span> <span class='ocrx_word' id='word_1_57' title='bbox 465 1291 521 1377; x_wconf 89' lang='lat' dir='ltr'><strong>qui</strong></span> <span class='ocrx_word' id='word_1_58' title='bbox 536 1289 579 1354; x_wconf 92' lang='lat' dir='ltr'><strong>ad</strong></span> <span class='ocrx_word' id='word_1_59' title='bbox 594 1289 700 1374; x_wconf 90' lang='lat' dir='ltr'><strong>legem</strong></span> <span class='ocrx_word' id='word_1_60' title='bbox 716 1288 787 1354; x_wconf 88' lang='lat' dir='ltr'><strong>XII</strong></span> <span class='ocrx_word' id='word_1_61' title='bbox 801 1288 988 1354; x_wconf 88' lang='lat' dir='ltr'><strong>tabularum</strong></span> <span class='ocrx_word' id='word_1_62' title='bbox 1004 1289 1093 1356; x_wconf 88' lang='lat' dir='ltr'><strong>etde</strong></span> <span class='ocrx_word' id='word_1_63' title='bbox 1109 1291 1206 1356; x_wconf 88' lang='lat' dir='ltr'><strong>dictis</strong></span> <span class='ocrx_word' id='word_1_64' title='bbox 1222 1291 1370 1358; x_wconf 88' lang='lat' dir='ltr'><strong>involute</strong></span> <span class='ocrx_word' id='word_1_65' title='bbox 1386 1293 1463 1358; x_wconf 89' lang='lat' dir='ltr'><strong>scri·</strong></span> 
     </span>
     <span class='ocr_line' id='line_1_8' title="bbox 312 1383 1463 1480; baseline 0.003 -25"><span class='ocrx_word' id='word_1_66' title='bbox 312 1394 429 1480; x_wconf 89' lang='lat' dir='ltr'><strong>pserit.</strong></span> <span class='ocrx_word' id='word_1_67' title='bbox 458 1393 505 1456; x_wconf 86' lang='lat' dir='ltr'><strong>At</strong></span> <span class='ocrx_word' id='word_1_68' title='bbox 518 1391 581 1457; x_wconf 94' lang='lat' dir='ltr'><strong>hoc</strong></span> <span class='ocrx_word' id='word_1_69' title='bbox 594 1391 785 1478; x_wconf 84' lang='lat' dir='ltr'><strong>neutiquam</strong></span> <span class='ocrx_word' id='word_1_70' title='bbox 800 1383 932 1456; x_wconf 80' lang='lat' dir='ltr'><strong>sufficit.</strong></span> <span class='ocrx_word' id='word_1_71' title='bbox 962 1391 1048 1456; x_wconf 88' lang='lat' dir='ltr'><strong>Nam</strong></span> <span class='ocrx_word' id='word_1_72' title='bbox 1062 1393 1170 1478; x_wconf 92' lang='lat' dir='ltr'><strong>priore</strong></span> <span class='ocrx_word' id='word_1_73' title='bbox 1187 1393 1258 1460; x_wconf 90' lang='lat' dir='ltr'><strong>loco</strong></span> <span class='ocrx_word' id='word_1_74' title='bbox 1275 1417 1354 1460; x_wconf 90' lang='lat' dir='ltr'><strong>sane</strong></span> <span class='ocrx_word' id='word_1_75' title='bbox 1375 1395 1463 1460; x_wconf 88' lang='lat' dir='ltr'><strong>idem</strong></span> 
     </span>
     <span class='ocr_line' id='line_1_9' title="bbox 313 1493 1463 1575; baseline 0.002 -16"><span class='ocrx_word' id='word_1_76' title='bbox 313 1503 381 1575; x_wconf 87' lang='lat' dir='ltr'><strong>est,</strong></span> <span class='ocrx_word' id='word_1_77' title='bbox 402 1493 498 1561; x_wconf 89' lang='lat' dir='ltr'><strong>modo</strong></span> <span class='ocrx_word' id='word_1_78' title='bbox 520 1516 562 1558; x_wconf 93' lang='lat' dir='ltr'><strong>ne</strong></span> <span class='ocrx_word' id='word_1_79' title='bbox 577 1493 787 1570; x_wconf 76' lang='lat' dir='ltr'><strong>‘Valerium&#39;¹</strong></span> <span class='ocrx_word' id='word_1_80' title='bbox 797 1503 918 1558; x_wconf 90' lang='lat' dir='ltr'><strong>temere</strong></span> <span class='ocrx_word' id='word_1_81' title='bbox 938 1493 1077 1560; x_wconf 88' lang='lat' dir='ltr'><strong>inferas:</strong></span> <span class='ocrx_word' id='word_1_82' title='bbox 1104 1494 1205 1560; x_wconf 88' lang='lat' dir='ltr'><strong>altero</strong></span> <span class='ocrx_word' id='word_1_83' title='bbox 1227 1495 1299 1564; x_wconf 90' lang='lat' dir='ltr'><strong>loco</strong></span> <span class='ocrx_word' id='word_1_84' title='bbox 1321 1520 1362 1562; x_wconf 91' lang='lat' dir='ltr'><strong>ne</strong></span> <span class='ocrx_word' id='word_1_85' title='bbox 1377 1496 1463 1561; x_wconf 88' lang='lat' dir='ltr'><strong>Mes-</strong></span> 
     </span>
     <span class='ocr_line' id='line_1_10' title="bbox 314 1588 1541 1685; baseline 0.002 -25"><span class='ocrx_word' id='word_1_86' title='bbox 314 1595 399 1661; x_wconf 83' lang='lat' dir='ltr'><strong>salla</strong></span> <span class='ocrx_word' id='word_1_87' title='bbox 414 1595 546 1684; x_wconf 91' lang='lat' dir='ltr'><strong>quidem</strong></span> <span class='ocrx_word' id='word_1_88' title='bbox 562 1606 624 1678; x_wconf 88' lang='lat' dir='ltr'><strong>est,</strong></span> <span class='ocrx_word' id='word_1_89' title='bbox 640 1619 736 1682; x_wconf 93' lang='lat' dir='ltr'><strong>quem</strong></span> <span class='ocrx_word' id='word_1_90' title='bbox 751 1596 833 1662; x_wconf 86' lang='lat' dir='ltr'><strong>adeo</strong></span> <span class='ocrx_word' id='word_1_91' title='bbox 849 1588 951 1661; x_wconf 90' lang='lat' dir='ltr'><strong>nimia</strong></span> <span class='ocrx_word' id='word_1_92' title='bbox 965 1595 1165 1665; x_wconf 83' lang='lat' dir='ltr'><strong>liberalitate</strong></span> <span class='ocrx_word' id='word_1_93' title='bbox 1180 1597 1351 1685; x_wconf 88' lang='lat' dir='ltr'><strong>utriusque</strong></span> <span class='ocrx_word' id='word_1_94' title='bbox 1366 1597 1464 1663; x_wconf 90' lang='lat' dir='ltr'><strong>simul</strong></span> <span class='ocrx_word' id='word_1_95' title='bbox 1538 1607 1541 1613; x_wconf 89' lang='lat'>&#39;</span> 
     </span>
     <span class='ocr_line' id='line_1_11' title="bbox 313 1684 1464 1788; baseline 0 -25"><span class='ocrx_word' id='word_1_96' title='bbox 313 1699 431 1785; x_wconf 88' lang='lat' dir='ltr'><strong>scripti</strong></span> <span class='ocrx_word' id='word_1_97' title='bbox 446 1708 612 1764; x_wconf 81' lang='lat' dir='ltr'><strong>auctorem</strong></span> <span class='ocrx_word' id='word_1_98' title='bbox 627 1721 698 1762; x_wconf 92' lang='lat' dir='ltr'><strong>esse</strong></span> <span class='ocrx_word' id='word_1_99' title='bbox 713 1684 896 1764; x_wconf 86' lang='lat' dir='ltr'><strong>voluerunt.</strong></span> <span class='ocrx_word' id='word_1_100' title='bbox 934 1697 1047 1786; x_wconf 87' lang='lat' dir='ltr'><strong>Neque</strong></span> <span class='ocrx_word' id='word_1_101' title='bbox 1069 1700 1156 1764; x_wconf 91' lang='lat' dir='ltr'><strong>enim</strong></span> <span class='ocrx_word' id='word_1_102' title='bbox 1176 1699 1264 1788; x_wconf 87' lang='lat' dir='ltr'><strong>quod</strong></span> <span class='ocrx_word' id='word_1_103' title='bbox 1280 1701 1400 1770; x_wconf 87' lang='lat' dir='ltr'><strong>dicitur</strong></span> <span class='ocrx_word' id='word_1_104' title='bbox 1415 1703 1464 1764; x_wconf 84' lang='lat' dir='ltr'><strong>‘im</strong></span> 
     </span>
     <span class='ocr_line' id='line_1_12' title="bbox 312 1801 1463 1890; baseline 0.002 -25"><span class='ocrx_word' id='word_1_105' title='bbox 312 1822 354 1865; x_wconf 88' lang='lat' dir='ltr'><strong>eo</strong></span> <span class='ocrx_word' id='word_1_106' title='bbox 379 1806 455 1864; x_wconf 77' lang='lat' dir='ltr'><strong>libro</strong></span> <span class='ocrx_word' id='word_1_107' title='bbox 480 1807 533 1880; x_wconf 82' lang='lat' dir='ltr'><strong>qui</strong></span> <span class='ocrx_word' id='word_1_108' title='bbox 556 1805 594 1865; x_wconf 83' lang='lat' dir='ltr'><strong>de</strong></span> <span class='ocrx_word' id='word_1_109' title='bbox 621 1805 708 1866; x_wconf 82' lang='lat' dir='ltr'><strong>dictis</strong></span> <span class='ocrx_word' id='word_1_110' title='bbox 733 1807 862 1865; x_wconf 83' lang='lat' dir='ltr'><strong>involute</strong></span> <span class='ocrx_word' id='word_1_111' title='bbox 887 1805 1088 1884; x_wconf 71' lang='lat' dir='ltr'><strong>inscribitur&#39;,</strong></span> <span class='ocrx_word' id='word_1_112' title='bbox 1115 1801 1193 1867; x_wconf 90' lang='lat' dir='ltr'><strong>inde</strong></span> <span class='ocrx_word' id='word_1_113' title='bbox 1218 1803 1366 1890; x_wconf 89' lang='lat' dir='ltr'><strong>sequitur</strong></span> <span class='ocrx_word' id='word_1_114' title='bbox 1387 1814 1463 1872; x_wconf 81' lang='lat' dir='ltr'><strong>eun·</strong></span> 
     </span>
     <span class='ocr_line' id='line_1_13' title="bbox 313 1901 1464 1990; baseline 0.003 -24"><span class='ocrx_word' id='word_1_115' title='bbox 313 1902 400 1967; x_wconf 89' lang='lat' dir='ltr'><strong>dem·</strong></span> <span class='ocrx_word' id='word_1_116' title='bbox 413 1903 606 1990; x_wconf 83' lang='lat' dir='ltr'><strong>scriptorem</strong></span> <span class='ocrx_word' id='word_1_117' title='bbox 627 1903 707 1968; x_wconf 91' lang='lat' dir='ltr'><strong>dici:</strong></span> <span class='ocrx_word' id='word_1_118' title='bbox 731 1902 774 1966; x_wconf 90' lang='lat' dir='ltr'><strong>cf.</strong></span> <span class='ocrx_word' id='word_1_119' title='bbox 794 1901 891 1968; x_wconf 90' lang='lat' dir='ltr'><strong>modo</strong></span> <span class='ocrx_word' id='word_1_120' title='bbox 912 1926 944 1990; x_wconf 92' lang='lat' dir='ltr'><strong>p.</strong></span> <span class='ocrx_word' id='word_1_121' title='bbox 966 1903 1029 1968; x_wconf 83' lang='lat'><strong>289</strong></span> <span class='ocrx_word' id='word_1_122' title='bbox 1049 1928 1081 1970; x_wconf 89' lang='lat' dir='ltr'><strong>v.</strong></span> <span class='ocrx_word' id='word_1_123' title='bbox 1104 1908 1265 1982; x_wconf 56' lang='lat' dir='ltr'><strong>‘refercit</strong></span> <span class='ocrx_word' id='word_1_124' title='bbox 1296 1909 1464 1977; x_wconf 72' lang='lat' dir='ltr'><strong>‘Veranius</strong></span> 
     </span>
    </p>
   </div>
   <div class='ocr_carea' id='block_1_3' title="bbox 199 2009 1463 2097">
    <p class='ocr_par' dir='ltr' id='par_1_3' title="bbox 199 2009 1463 2097">
     <span class='ocr_line' id='line_1_14' title="bbox 199 2009 1463 2097; baseline -0.002 -23"><span class='ocrx_word' id='word_1_125' title='bbox 199 2070 204 2074; x_wconf 85' lang='lat'>.</span> <span class='ocrx_word' id='word_1_126' title='bbox 312 2011 347 2070; x_wconf 82' lang='lat' dir='ltr'><strong>ia</strong></span> <span class='ocrx_word' id='word_1_127' title='bbox 367 2025 409 2070; x_wconf 87' lang='lat' dir='ltr'><strong>eo</strong></span> <span class='ocrx_word' id='word_1_128' title='bbox 422 2012 475 2084; x_wconf 78' lang='lat' dir='ltr'><strong>qui</strong></span> <span class='ocrx_word' id='word_1_129' title='bbox 493 2016 537 2097; x_wconf 79' lang='lat' dir='ltr'><strong>est</strong></span> <span class='ocrx_word' id='word_1_130' title='bbox 550 2011 768 2090; x_wconf 78' lang='lat' dir='ltr'><strong>auspiciorum&#39;</strong></span> <span class='ocrx_word' id='word_1_131' title='bbox 793 2014 873 2070; x_wconf 87' lang='lat' dir='ltr'><strong>etv.</strong></span> <span class='ocrx_word' id='word_1_132' title='bbox 889 2010 996 2070; x_wconf 72' lang='lat' dir='ltr'><strong>‘reus&#39;</strong></span> <span class='ocrx_word' id='word_1_133' title='bbox 1020 2009 1154 2072; x_wconf 83' lang='lat' dir='ltr'><strong>‘Sinnius</strong></span> <span class='ocrx_word' id='word_1_134' title='bbox 1168 2014 1199 2072; x_wconf 84' lang='lat' dir='ltr'><strong>ia</strong></span> <span class='ocrx_word' id='word_1_135' title='bbox 1219 2027 1258 2072; x_wconf 90' lang='lat' dir='ltr'><strong>ec</strong></span> <span class='ocrx_word' id='word_1_136' title='bbox 1277 2027 1363 2086; x_wconf 81' lang='lat' dir='ltr'><strong>quem</strong></span> <span class='ocrx_word' id='word_1_137' title='bbox 1382 2013 1463 2072; x_wconf 85' lang='lat' dir='ltr'><strong>scri-</strong></span> 
     </span>
    </p>
   </div>
   <div class='ocr_carea' id='block_1_4' title="bbox 241 2107 1562 3832">
    <p class='ocr_par' dir='ltr' id='par_1_4' title="bbox 241 2107 1562 3832">
     <span class='ocr_line' id='line_1_15' title="bbox 308 2107 1464 2191; baseline 0.002 -19"><span class='ocrx_word' id='word_1_138' title='bbox 308 2114 389 2189; x_wconf 82' lang='lat' dir='ltr'><strong>psit&#39;</strong></span> <span class='ocrx_word' id='word_1_139' title='bbox 405 2142 413 2172; x_wconf 64' lang='lat' dir='ltr'><strong>a</strong></span> <span class='ocrx_word' id='word_1_140' title='bbox 430 2156 462 2170; x_wconf 91' lang='lat'><strong>..</strong></span> <span class='ocrx_word' id='word_1_141' title='bbox 509 2107 698 2174; x_wconf 90' lang='lat' dir='ltr'><strong>Macrobius</strong></span> <span class='ocrx_word' id='word_1_142' title='bbox 725 2107 793 2172; x_wconf 89' lang='lat' dir='ltr'><strong>Sat.</strong></span> <span class='ocrx_word' id='word_1_143' title='bbox 827 2107 882 2173; x_wconf 93' lang='grc' dir='ltr'><strong>ΙΠ</strong></span> <span class='ocrx_word' id='word_1_144' title='bbox 913 2108 950 2190; x_wconf 87' lang='grc'><strong>6,</strong></span> <span class='ocrx_word' id='word_1_145' title='bbox 985 2107 1026 2173; x_wconf 88' lang='grc'><strong>14</strong></span> <span class='ocrx_word' id='word_1_146' title='bbox 1053 2114 1220 2174; x_wconf 80' lang='lat' dir='ltr'><strong>‘Veranius</strong></span> <span class='ocrx_word' id='word_1_147' title='bbox 1247 2115 1464 2191; x_wconf 78' lang='lat' dir='ltr'><strong>pontificalium</strong></span> 
     </span>
     <span class='ocr_line' id='line_1_16' title="bbox 241 2211 1463 2296; baseline 0 -18"><span class='ocrx_word' id='word_1_148' title='bbox 241 2273 245 2278; x_wconf 90' lang='lat'>.</span> <span class='ocrx_word' id='word_1_149' title='bbox 312 2231 349 2276; x_wconf 87' lang='lat' dir='ltr'><strong>co</strong></span> <span class='ocrx_word' id='word_1_150' title='bbox 368 2215 445 2275; x_wconf 82' lang='lat' dir='ltr'><strong>libro</strong></span> <span class='ocrx_word' id='word_1_151' title='bbox 465 2231 550 2289; x_wconf 77' lang='lat' dir='ltr'><strong>quem</strong></span> <span class='ocrx_word' id='word_1_152' title='bbox 567 2214 649 2288; x_wconf 84' lang='lat' dir='ltr'><strong>facit</strong></span> <span class='ocrx_word' id='word_1_153' title='bbox 666 2213 1028 2291; x_wconf 54' lang='lat' dir='ltr'><strong>immaturioribus-³</strong></span> <span class='ocrx_word' id='word_1_154' title='bbox 1046 2211 1116 2296; x_wconf 85' lang='lat'><strong>19,</strong></span> <span class='ocrx_word' id='word_1_155' title='bbox 1135 2213 1173 2277; x_wconf 87' lang='lat'><strong>13</strong></span> <span class='ocrx_word' id='word_1_156' title='bbox 1189 2211 1231 2278; x_wconf 90' lang='lat' dir='ltr'><strong>al.</strong></span> <span class='ocrx_word' id='word_1_157' title='bbox 1272 2212 1370 2294; x_wconf 75' lang='lat' dir='ltr'><strong>Quod</strong></span> <span class='ocrx_word' id='word_1_158' title='bbox 1389 2221 1463 2278; x_wconf 89' lang='lat' dir='ltr'><strong>utut</strong></span> 
     </span>
     <span class='ocr_line' id='line_1_17' title="bbox 289 2312 1462 2405; baseline 0 -26"><span class='ocrx_word' id='word_1_159' title='bbox 289 2336 350 2405; x_wconf 17' lang='lat' dir='ltr'><strong>&#39;sle</strong></span> <span class='ocrx_word' id='word_1_160' title='bbox 377 2313 493 2395; x_wconf 67' lang='lat' dir='ltr'><strong>habet,</strong></span> <span class='ocrx_word' id='word_1_161' title='bbox 520 2314 584 2389; x_wconf 90' lang='lat' dir='ltr'><strong>hoc</strong></span> <span class='ocrx_word' id='word_1_162' title='bbox 604 2322 729 2379; x_wconf 88' lang='lat' dir='ltr'><strong>certum</strong></span> <span class='ocrx_word' id='word_1_163' title='bbox 755 2321 806 2378; x_wconf 90' lang='lat' dir='ltr'><strong>est</strong></span> <span class='ocrx_word' id='word_1_164' title='bbox 833 2335 939 2400; x_wconf 92' lang='lat' dir='ltr'><strong>neque</strong></span> <span class='ocrx_word' id='word_1_165' title='bbox 964 2312 1019 2378; x_wconf 93' lang='lat' dir='ltr'><strong>hic</strong></span> <span class='ocrx_word' id='word_1_166' title='bbox 1049 2337 1154 2401; x_wconf 91' lang='lat' dir='ltr'><strong>neque</strong></span> <span class='ocrx_word' id='word_1_167' title='bbox 1185 2337 1218 2402; x_wconf 90' lang='lat' dir='ltr'><strong>p.</strong></span> <span class='ocrx_word' id='word_1_168' title='bbox 1241 2313 1462 2383; x_wconf 53' lang='grc'><strong>3551161111-</strong></span> 
     </span>
     <span class='ocr_line' id='line_1_18' title="bbox 312 2414 1462 2502; baseline -0.001 -21"><span class='ocrx_word' id='word_1_169' title='bbox 312 2416 393 2481; x_wconf 90' lang='lat' dir='ltr'><strong>lam.</strong></span> <span class='ocrx_word' id='word_1_170' title='bbox 408 2415 519 2497; x_wconf 83' lang='lat' dir='ltr'><strong>citari,</strong></span> <span class='ocrx_word' id='word_1_171' title='bbox 542 2415 600 2481; x_wconf 87' lang='lat' dir='ltr'><strong>sed</strong></span> <span class='ocrx_word' id='word_1_172' title='bbox 619 2414 824 2481; x_wconf 90' lang='lat' dir='ltr'><strong>Valerium</strong></span> <span class='ocrx_word' id='word_1_173' title='bbox 843 2422 885 2464; x_wconf 53' lang='grc' dir='ltr'>Α</span> <span class='ocrx_word' id='word_1_174' title='bbox 906 2416 970 2480; x_wconf 89' lang='lat' dir='ltr'><strong>etsi</strong></span> <span class='ocrx_word' id='word_1_175' title='bbox 991 2418 1032 2480; x_wconf 88' lang='lat' dir='ltr'><strong>de</strong></span> <span class='ocrx_word' id='word_1_176' title='bbox 1054 2416 1155 2480; x_wconf 90' lang='lat' dir='ltr'><strong>altero</strong></span> <span class='ocrx_word' id='word_1_177' title='bbox 1176 2415 1247 2482; x_wconf 93' lang='lat' dir='ltr'><strong>loco</strong></span> <span class='ocrx_word' id='word_1_178' title='bbox 1268 2439 1308 2482; x_wconf 91' lang='lat' dir='ltr'><strong>ne</strong></span> <span class='ocrx_word' id='word_1_179' title='bbox 1335 2415 1371 2480; x_wconf 86' lang='lat' dir='ltr'><strong>id</strong></span> <span class='ocrx_word' id='word_1_180' title='bbox 1393 2416 1462 2502; x_wconf 91' lang='lat' dir='ltr'><strong>qui-</strong></span> 
     </span>
     <span class='ocr_line' id='line_1_19' title="bbox 313 2517 1459 2609; baseline 0.002 -27"><span class='ocrx_word' id='word_1_181' title='bbox 313 2517 390 2583; x_wconf 88' lang='lat' dir='ltr'><strong>dem</strong></span> <span class='ocrx_word' id='word_1_182' title='bbox 408 2517 541 2582; x_wconf 90' lang='lat' dir='ltr'><strong>decerni</strong></span> <span class='ocrx_word' id='word_1_183' title='bbox 554 2517 642 2584; x_wconf 91' lang='lat' dir='ltr'><strong>licet.</strong></span> <span class='ocrx_word' id='word_1_184' title='bbox 660 2555 695 2566; x_wconf 91' lang='lat'>-</span> <span class='ocrx_word' id='word_1_185' title='bbox 713 2517 760 2582; x_wconf 85' lang='lat' dir='ltr'><strong>At</strong></span> <span class='ocrx_word' id='word_1_186' title='bbox 778 2519 911 2604; x_wconf 90' lang='lat' dir='ltr'><strong>quinam</strong></span> <span class='ocrx_word' id='word_1_187' title='bbox 924 2517 968 2582; x_wconf 91' lang='lat' dir='ltr'><strong>sit</strong></span> <span class='ocrx_word' id='word_1_188' title='bbox 983 2517 1038 2582; x_wconf 89' lang='lat' dir='ltr'><strong>ille</strong></span> <span class='ocrx_word' id='word_1_189' title='bbox 1054 2517 1225 2609; x_wconf 83' lang='lat' dir='ltr'><strong>Valerius,</strong></span> <span class='ocrx_word' id='word_1_190' title='bbox 1247 2519 1303 2605; x_wconf 93' lang='lat' dir='ltr'><strong>qui</strong></span> <span class='ocrx_word' id='word_1_191' title='bbox 1326 2519 1459 2606; x_wconf 81' lang='lat' dir='ltr'><strong>scripsit</strong></span> 
     </span>
     <span class='ocr_line' id='line_1_20' title="bbox 313 2618 1462 2708; baseline -0.001 -22"><span class='ocrx_word' id='word_1_192' title='bbox 313 2620 388 2686; x_wconf 91' lang='lat' dir='ltr'><strong>XII</strong></span> <span class='ocrx_word' id='word_1_193' title='bbox 409 2620 689 2707; x_wconf 84' lang='lat' dir='ltr'><strong>explanationem,</strong></span> <span class='ocrx_word' id='word_1_194' title='bbox 705 2642 757 2685; x_wconf 88' lang='lat' dir='ltr'><strong>res</strong></span> <span class='ocrx_word' id='word_1_195' title='bbox 774 2628 825 2686; x_wconf 91' lang='lat' dir='ltr'><strong>est</strong></span> <span class='ocrx_word' id='word_1_196' title='bbox 844 2618 942 2706; x_wconf 90' lang='lat' dir='ltr'><strong>plena</strong></span> <span class='ocrx_word' id='word_1_197' title='bbox 963 2621 1191 2688; x_wconf 88' lang='lat' dir='ltr'><strong>dubitationis.</strong></span> <span class='ocrx_word' id='word_1_198' title='bbox 1234 2621 1377 2688; x_wconf 85' lang='lat' dir='ltr'><strong>Notatur</strong></span> <span class='ocrx_word' id='word_1_199' title='bbox 1392 2621 1462 2708; x_wconf 87' lang='lat' dir='ltr'><strong>qui·</strong></span> 
     </span>
     <span class='ocr_line' id='line_1_21' title="bbox 313 2720 1463 2810; baseline -0.002 -22"><span class='ocrx_word' id='word_1_200' title='bbox 313 2723 390 2788; x_wconf 87' lang='lat' dir='ltr'><strong>dem</strong></span> <span class='ocrx_word' id='word_1_201' title='bbox 416 2745 436 2787; x_wconf 89' lang='lat' dir='ltr'><strong>a</strong></span> <span class='ocrx_word' id='word_1_202' title='bbox 455 2722 605 2788; x_wconf 90' lang='lat' dir='ltr'><strong>Varrone</strong></span> <span class='ocrx_word' id='word_1_203' title='bbox 626 2723 666 2788; x_wconf 89' lang='lat' dir='ltr'><strong>de</strong></span> <span class='ocrx_word' id='word_1_204' title='bbox 692 2720 714 2786; x_wconf 91' lang='lat' dir='ltr'><strong>l.</strong></span> <span class='ocrx_word' id='word_1_205' title='bbox 736 2721 908 2795; x_wconf 48' lang='lat' dir='ltr'>12V1165</span> <span class='ocrx_word' id='word_1_206' title='bbox 928 2721 1082 2788; x_wconf 88' lang='lat' dir='ltr'><strong>Valerius</strong></span> <span class='ocrx_word' id='word_1_207' title='bbox 1113 2723 1247 2810; x_wconf 89' lang='lat' dir='ltr'><strong>quidam</strong></span> <span class='ocrx_word' id='word_1_208' title='bbox 1275 2722 1463 2794; x_wconf 85' lang='lat' dir='ltr'><strong>Plautinam</strong></span> 
     </span>
     <span class='ocr_line' id='line_1_22' title="bbox 311 2825 1463 2912; baseline -0.001 -21"><span class='ocrx_word' id='word_1_209' title='bbox 311 2847 429 2891; x_wconf 86' lang='lat' dir='ltr'><strong>vocem</strong></span> <span class='ocrx_word' id='word_1_210' title='bbox 463 2825 695 2912; x_wconf 85' lang='lat' dir='ltr'><strong>interpretatus</strong></span> <span class='ocrx_word' id='word_1_211' title='bbox 732 2829 947 2904; x_wconf 67' lang='lat' dir='ltr'><strong>‘scruptpedcs</strong></span> <span class='ocrx_word' id='word_1_212' title='bbox 976 2828 1116 2890; x_wconf 71' lang='lat' dir='ltr'><strong>Aureliam</strong></span> <span class='ocrx_word' id='word_1_213' title='bbox 1144 2831 1247 2891; x_wconf 75' lang='lat' dir='ltr'><strong>scribit</strong></span> <span class='ocrx_word' id='word_1_214' title='bbox 1274 2831 1312 2890; x_wconf 84' lang='lat' dir='ltr'><strong>ab</strong></span> <span class='ocrx_word' id='word_1_215' title='bbox 1340 2831 1463 2890; x_wconf 83' lang='lat' dir='ltr'><strong>securi-</strong></span> 
     </span>
     <span class='ocr_line' id='line_1_23' title="bbox 310 2925 1461 3013; baseline -0.001 -22"><span class='ocrx_word' id='word_1_216' title='bbox 310 2932 416 3008; x_wconf 81' lang='lat' dir='ltr'><strong>pedo.</strong></span> <span class='ocrx_word' id='word_1_217' title='bbox 435 2976 442 2989; x_wconf 92' lang='lat'><strong>.</strong></span> <span class='ocrx_word' id='word_1_218' title='bbox 458 2949 466 2990; x_wconf 77' lang='lat'><em>;</em></span> <span class='ocrx_word' id='word_1_219' title='bbox 483 2977 490 2992; x_wconf 91' lang='lat'>.</span> <span class='ocrx_word' id='word_1_220' title='bbox 514 2932 644 2991; x_wconf 83' lang='lat' dir='ltr'><strong>Valeri</strong></span> <span class='ocrx_word' id='word_1_221' title='bbox 649 2949 689 2991; x_wconf 85' lang='lat' dir='ltr'><strong>us</strong></span> <span class='ocrx_word' id='word_1_222' title='bbox 702 2947 723 2990; x_wconf 84' lang='lat' dir='ltr'><strong>a</strong></span> <span class='ocrx_word' id='word_1_223' title='bbox 734 2932 814 3008; x_wconf 84' lang='lat' dir='ltr'><strong>pede</strong></span> <span class='ocrx_word' id='word_1_224' title='bbox 826 2947 865 2991; x_wconf 86' lang='lat' dir='ltr'><strong>cc</strong></span> <span class='ocrx_word' id='word_1_225' title='bbox 878 2932 1037 3006; x_wconf 81' lang='lat' dir='ltr'><strong>scrupea&#39;:</strong></span> <span class='ocrx_word' id='word_1_226' title='bbox 1053 2949 1074 2992; x_wconf 91' lang='lat' dir='ltr'><strong>a</strong></span> <span class='ocrx_word' id='word_1_227' title='bbox 1088 2949 1151 3013; x_wconf 93' lang='lat' dir='ltr'><strong>quo</strong></span> <span class='ocrx_word' id='word_1_228' title='bbox 1168 2927 1260 2994; x_wconf 93' lang='lat' dir='ltr'><strong>illum</strong></span> <span class='ocrx_word' id='word_1_229' title='bbox 1274 2949 1346 2992; x_wconf 91' lang='lat' dir='ltr'><strong>non.</strong></span> <span class='ocrx_word' id='word_1_230' title='bbox 1356 2925 1461 2992; x_wconf 86' lang='lat' dir='ltr'><strong>diver-</strong></span> 
     </span>
     <span class='ocr_line' id='line_1_24' title="bbox 313 3027 1460 3096; baseline -0.003 -1"><span class='ocrx_word' id='word_1_231' title='bbox 313 3053 387 3095; x_wconf 88' lang='lat' dir='ltr'><strong>sum</strong></span> <span class='ocrx_word' id='word_1_232' title='bbox 402 3051 474 3094; x_wconf 90' lang='lat' dir='ltr'><strong>esse</strong></span> <span class='ocrx_word' id='word_1_233' title='bbox 488 3029 523 3092; x_wconf 93' lang='lat' dir='ltr'><strong>in</strong></span> <span class='ocrx_word' id='word_1_234' title='bbox 538 3027 607 3094; x_wconf 91' lang='lat' dir='ltr'><strong>alta</strong></span> <span class='ocrx_word' id='word_1_235' title='bbox 627 3040 811 3096; x_wconf 88' lang='lat' dir='ltr'><strong>ceterorum</strong></span> <span class='ocrx_word' id='word_1_236' title='bbox 830 3028 971 3094; x_wconf 86' lang='lat' dir='ltr'><strong>fontium</strong></span> <span class='ocrx_word' id='word_1_237' title='bbox 985 3029 1157 3094; x_wconf 87' lang='lat' dir='ltr'><strong>reticentia</strong></span> <span class='ocrx_word' id='word_1_238' title='bbox 1172 3038 1243 3095; x_wconf 90' lang='lat' dir='ltr'><strong>tuto</strong></span> <span class='ocrx_word' id='word_1_239' title='bbox 1260 3027 1460 3094; x_wconf 84' lang='lat' dir='ltr'><strong>existimabi-</strong></span> 
     </span>
     <span class='ocr_line' id='line_1_25' title="bbox 312 3130 1474 3217; baseline -0.003 -20"><span class='ocrx_word' id='word_1_240' title='bbox 312 3155 398 3197; x_wconf 88' lang='lat' dir='ltr'><strong>mus.</strong></span> <span class='ocrx_word' id='word_1_241' title='bbox 430 3133 462 3196; x_wconf 91' lang='lat' dir='ltr'>A</span> <span class='ocrx_word' id='word_1_242' title='bbox 476 3133 624 3197; x_wconf 86' lang='lat' dir='ltr'><strong>Varrone</strong></span> <span class='ocrx_word' id='word_1_243' title='bbox 645 3141 756 3196; x_wconf 92' lang='lat' dir='ltr'><strong>autem</strong></span> <span class='ocrx_word' id='word_1_244' title='bbox 778 3131 819 3212; x_wconf 76' lang='lat' dir='ltr'><strong>Q.</strong></span> <span class='ocrx_word' id='word_1_245' title='bbox 839 3130 1260 3212; x_wconf 87' lang='lat' dir='ltr'><strong>ValeriumSoranum</strong></span> <span class='ocrx_word' id='word_1_246' title='bbox 1281 3130 1474 3217; x_wconf 85' lang='lat' dir='ltr'><strong>significari¹</strong></span> 
     </span>
     <span class='ocr_line' id='line_1_26' title="bbox 278 3233 1461 3323; baseline -0.004 -22"><span class='ocrx_word' id='word_1_247' title='bbox 278 3288 282 3293; x_wconf 91' lang='lat'>.</span> <span class='ocrx_word' id='word_1_248' title='bbox 313 3243 447 3323; x_wconf 88' lang='lat' dir='ltr'><strong>poetam</strong></span> <span class='ocrx_word' id='word_1_249' title='bbox 467 3233 637 3299; x_wconf 79' lang='lat' dir='ltr'><strong>Ciceronis</strong></span> <span class='ocrx_word' id='word_1_250' title='bbox 654 3233 850 3299; x_wconf 87' lang='lat' dir='ltr'><strong>familiarem</strong></span> <span class='ocrx_word' id='word_1_251' title='bbox 866 3234 973 3318; x_wconf 77' lang='lat' dir='ltr'><strong>(Brut</strong></span> <span class='ocrx_word' id='word_1_252' title='bbox 989 3233 1042 3316; x_wconf 88' lang='lat'><strong>46,</strong></span> <span class='ocrx_word' id='word_1_253' title='bbox 1061 3233 1152 3318; x_wconf 84' lang='lat'>169),</span> <span class='ocrx_word' id='word_1_254' title='bbox 1174 3233 1266 3298; x_wconf 92' lang='lat' dir='ltr'><strong>cuius</strong></span> <span class='ocrx_word' id='word_1_255' title='bbox 1288 3233 1461 3299; x_wconf 83' lang='lat' dir='ltr'><strong>abeodem</strong></span> 
     </span>
     <span class='ocr_line' id='line_1_27' title="bbox 309 3320 1562 3422; baseline -0.006 -20"><span class='ocrx_word' id='word_1_256' title='bbox 309 3339 462 3402; x_wconf 84' lang='lat' dir='ltr'><strong>-Varrone</strong></span> <span class='ocrx_word' id='word_1_257' title='bbox 477 3344 676 3402; x_wconf 88' lang='lat' dir='ltr'><strong>memoratur</strong></span> <span class='ocrx_word' id='word_1_258' title='bbox 691 3335 815 3400; x_wconf 85' lang='lat' dir='ltr'><strong>dictum</strong></span> <span class='ocrx_word' id='word_1_259' title='bbox 829 3335 898 3400; x_wconf 90' lang='lat' dir='ltr'><strong>VH</strong></span> <span class='ocrx_word' id='word_1_260' title='bbox 912 3337 953 3400; x_wconf 86' lang='lat'><strong>31</strong></span> <span class='ocrx_word' id='word_1_261' title='bbox 970 3341 1066 3400; x_wconf 72' lang='lat' dir='ltr'><strong>‘vetus</strong></span> <span class='ocrx_word' id='word_1_262' title='bbox 1080 3341 1190 3422; x_wconf 66' lang='lat' dir='ltr'><strong>adacio</strong></span> <span class='ocrx_word' id='word_1_263' title='bbox 1204 3346 1254 3408; x_wconf 82' lang='lat' dir='ltr'><strong>est,</strong></span> <span class='ocrx_word' id='word_1_264' title='bbox 1270 3356 1287 3400; x_wconf 93' lang='lat' dir='ltr'><strong>o</strong></span> <span class='ocrx_word' id='word_1_265' title='bbox 1304 3341 1336 3400; x_wconf 89' lang='lat' dir='ltr'><strong>P.</strong></span> <span class='ocrx_word' id='word_1_266' title='bbox 1344 3339 1461 3415; x_wconf 85' lang='lat' dir='ltr'><strong>Scipio’</strong></span> <span class='ocrx_word' id='word_1_267' title='bbox 1483 3320 1489 3330; x_wconf 39' lang='lat'>⁸</span> <span class='ocrx_word' id='word_1_268' title='bbox 1559 3388 1562 3394; x_wconf 87' lang='lat'><em>.</em></span> 
     </span>
     <span class='ocr_line' id='line_1_28' title="bbox 314 3425 1463 3523; baseline -0.003 -18"><span class='ocrx_word' id='word_1_269' title='bbox 314 3450 347 3505; x_wconf 90' lang='lat' dir='ltr'><strong>et</strong></span> <span class='ocrx_word' id='word_1_270' title='bbox 367 3439 573 3523; x_wconf 88' lang='lat' dir='ltr'><strong>grammatici</strong></span> <span class='ocrx_word' id='word_1_271' title='bbox 601 3438 787 3523; x_wconf 89' lang='lat' dir='ltr'><strong>argumenti</strong></span> <span class='ocrx_word' id='word_1_272' title='bbox 800 3460 923 3503; x_wconf 46' lang='lat' dir='ltr'><strong>*versus</strong></span> <span class='ocrx_word' id='word_1_273' title='bbox 946 3437 980 3501; x_wconf 91' lang='lat' dir='ltr'>X</span> <span class='ocrx_word' id='word_1_274' title='bbox 1001 3439 1043 3503; x_wconf 79' lang='lat'><strong>70</strong></span> <span class='ocrx_word' id='word_1_275' title='bbox 1064 3425 1184 3504; x_wconf 81' lang='lat' dir='ltr'><strong>‘Accius</strong></span> <span class='ocrx_word' id='word_1_276' title='bbox 1202 3443 1359 3502; x_wconf 82' lang='lat' dir='ltr'><strong>Hectorem</strong></span> <span class='ocrx_word' id='word_1_277' title='bbox 1384 3443 1463 3502; x_wconf 82' lang='lat' dir='ltr'><strong>motet</strong></span> 
     </span>
     <span class='ocr_line' id='line_1_29' title="bbox 310 3539 1549 3626; baseline -0.002 -20"><span class='ocrx_word' id='word_1_278' title='bbox 310 3545 433 3619; x_wconf 78' lang='lat' dir='ltr'><strong>facere,</strong></span> <span class='ocrx_word' id='word_1_279' title='bbox 449 3545 580 3604; x_wconf 85' lang='lat' dir='ltr'><strong>Hectora</strong></span> <span class='ocrx_word' id='word_1_280' title='bbox 600 3547 707 3604; x_wconf 85' lang='lat' dir='ltr'><strong>maiet&#39;</strong></span> <span class='ocrx_word' id='word_1_281' title='bbox 723 3578 764 3588; x_wconf 86' lang='lat'>—</span> <span class='ocrx_word' id='word_1_282' title='bbox 784 3540 862 3604; x_wconf 91' lang='lat' dir='ltr'><strong>item</strong></span> <span class='ocrx_word' id='word_1_283' title='bbox 882 3540 984 3626; x_wconf 88' lang='lat' dir='ltr'><strong>prisci</strong></span> <span class='ocrx_word' id='word_1_284' title='bbox 1004 3539 1159 3606; x_wconf 90' lang='lat' dir='ltr'><strong>vocabuli</strong></span> <span class='ocrx_word' id='word_1_285' title='bbox 1175 3539 1345 3608; x_wconf 73' lang='lat' dir='ltr'><strong>‘flavitae&#39;</strong></span> <span class='ocrx_word' id='word_1_286' title='bbox 1362 3541 1461 3604; x_wconf 91' lang='lat' dir='ltr'><strong>inter·</strong></span> <span class='ocrx_word' id='word_1_287' title='bbox 1547 3617 1549 3622; x_wconf 23' lang='grc' dir='ltr'>Ι</span> 
     </span>
     <span class='ocr_line' id='line_1_30' title="bbox 312 3641 1462 3730; baseline -0.002 -22"><span class='ocrx_word' id='word_1_288' title='bbox 312 3644 454 3730; x_wconf 86' lang='lat' dir='ltr'><strong>pretatio</strong></span> <span class='ocrx_word' id='word_1_289' title='bbox 470 3644 538 3728; x_wconf 86' lang='lat' dir='ltr'><strong>(ap.¹</strong></span> <span class='ocrx_word' id='word_1_290' title='bbox 554 3641 697 3708; x_wconf 81' lang='lat' dir='ltr'><strong>Gellium</strong></span> <span class='ocrx_word' id='word_1_291' title='bbox 712 3643 748 3707; x_wconf 90' lang='lat' dir='ltr'><strong>H</strong></span> <span class='ocrx_word' id='word_1_292' title='bbox 765 3643 814 3724; x_wconf 87' lang='grc'><strong>10,</strong></span> <span class='ocrx_word' id='word_1_293' title='bbox 830 3642 882 3727; x_wconf 84' lang='lat'><strong>3),</strong></span> <span class='ocrx_word' id='word_1_294' title='bbox 898 3641 987 3708; x_wconf 89' lang='lat' dir='ltr'><strong>haud</strong></span> <span class='ocrx_word' id='word_1_295' title='bbox 1002 3643 1113 3729; x_wconf 89' lang='lat' dir='ltr'><strong>inepta</strong></span> <span class='ocrx_word' id='word_1_296' title='bbox 1127 3643 1254 3728; x_wconf 88' lang='lat' dir='ltr'><strong>Meyeri</strong></span> <span class='ocrx_word' id='word_1_297' title='bbox 1275 3642 1462 3708; x_wconf 90' lang='lat' dir='ltr'><strong>coniectura</strong></span> 
     </span>
     <span class='ocr_line' id='line_1_31' title="bbox 313 3735 1502 3832; baseline 0.001 -23"><span class='ocrx_word' id='word_1_298' title='bbox 313 3755 365 3811; x_wconf 90' lang='lat' dir='ltr'><strong>est</strong></span> <span class='ocrx_word' id='word_1_299' title='bbox 385 3745 427 3810; x_wconf 89' lang='lat' dir='ltr'><strong>ad</strong></span> <span class='ocrx_word' id='word_1_300' title='bbox 444 3745 538 3810; x_wconf 92' lang='lat' dir='ltr'><strong>Brut.</strong></span> <span class='ocrx_word' id='word_1_301' title='bbox 559 3743 580 3809; x_wconf 92' lang='lat' dir='ltr'><strong>l.</strong></span> <span class='ocrx_word' id='word_1_302' title='bbox 598 3767 625 3810; x_wconf 92' lang='lat' dir='ltr'><strong>c.</strong></span> <span class='ocrx_word' id='word_1_303' title='bbox 634 3745 680 3830; x_wconf 83' lang='lat'><strong>¹),</strong></span> <span class='ocrx_word' id='word_1_304' title='bbox 703 3766 777 3808; x_wconf 91' lang='lat' dir='ltr'><strong>cum</strong></span> <span class='ocrx_word' id='word_1_305' title='bbox 797 3743 989 3830; x_wconf 86' lang='lat' dir='ltr'><strong>praesertim</strong></span> <span class='ocrx_word' id='word_1_306' title='bbox 1012 3744 1125 3816; x_wconf 82' lang='lat' dir='ltr'><strong>Cicero</strong></span> <span class='ocrx_word' id='word_1_307' title='bbox 1148 3743 1189 3810; x_wconf 90' lang='lat' dir='ltr'><strong>de</strong></span> <span class='ocrx_word' id='word_1_308' title='bbox 1211 3766 1258 3810; x_wconf 85' lang='lat' dir='ltr'><strong>or.</strong></span> <span class='ocrx_word' id='word_1_309' title='bbox 1275 3735 1330 3810; x_wconf 89' lang='lat' dir='ltr'><strong>III</strong></span> <span class='ocrx_word' id='word_1_310' title='bbox 1347 3745 1402 3832; x_wconf 79' lang='grc'><strong>11,</strong></span> <span class='ocrx_word' id='word_1_311' title='bbox 1418 3744 1460 3810; x_wconf 87' lang='grc'><strong>43</strong></span> <span class='ocrx_word' id='word_1_312' title='bbox 1499 3736 1502 3740; x_wconf 58' lang='grc'><strong>’</strong></span> 
     </span>
    </p>
   </div>
   <div class='ocr_carea' id='block_1_5' title="bbox 311 4001 1532 4327">
    <p class='ocr_par' dir='ltr' id='par_1_5' title="bbox 311 4001 1532 4327">
     <span class='ocr_line' id='line_1_32' title="bbox 313 4001 1532 4070; baseline -0.002 -15"><span class='ocrx_word' id='word_1_313' title='bbox 313 4009 370 4055; x_wconf 88' lang='lat' dir='ltr'><strong>tem</strong></span> <span class='ocrx_word' id='word_1_314' title='bbox 393 4004 489 4055; x_wconf 88' lang='lat' dir='ltr'><strong>valent</strong></span> <span class='ocrx_word' id='word_1_315' title='bbox 512 4019 583 4070; x_wconf 88' lang='lat' dir='ltr'><strong>quae</strong></span> <span class='ocrx_word' id='word_1_316' title='bbox 606 4003 639 4054; x_wconf 86' lang='lat' dir='ltr'><strong>de</strong></span> <span class='ocrx_word' id='word_1_317' title='bbox 669 4003 745 4055; x_wconf 89' lang='lat' dir='ltr'><strong>vocis</strong></span> <span class='ocrx_word' id='word_1_318' title='bbox 763 4001 928 4060; x_wconf 83' lang='lat' dir='ltr'><strong>‘litterator’</strong></span> <span class='ocrx_word' id='word_1_319' title='bbox 947 4017 998 4053; x_wconf 87' lang='lat' dir='ltr'><strong>usu</strong></span> <span class='ocrx_word' id='word_1_320' title='bbox 1023 4019 1058 4060; x_wconf 81' lang='lat' dir='ltr'><strong>eu¹</strong></span> <span class='ocrx_word' id='word_1_321' title='bbox 1080 4002 1206 4068; x_wconf 87' lang='lat' dir='ltr'><strong>epistulis</strong></span> <span class='ocrx_word' id='word_1_322' title='bbox 1230 4001 1289 4053; x_wconf 80' lang='lat' dir='ltr'><strong>eius</strong></span> <span class='ocrx_word' id='word_1_323' title='bbox 1312 4001 1460 4053; x_wconf 81' lang='lat' dir='ltr'><strong>Suetonius</strong></span> <span class='ocrx_word' id='word_1_324' title='bbox 1529 4014 1532 4018; x_wconf 82' lang='lat'>·</span> 
     </span>
     <span class='ocr_line' id='line_1_33' title="bbox 314 4086 1474 4156; baseline -0.003 -16"><span class='ocrx_word' id='word_1_325' title='bbox 314 4089 399 4140; x_wconf 84' lang='lat' dir='ltr'><strong>affert</strong></span> <span class='ocrx_word' id='word_1_326' title='bbox 415 4088 450 4139; x_wconf 91' lang='lat' dir='ltr'><strong>de</strong></span> <span class='ocrx_word' id='word_1_327' title='bbox 468 4089 509 4142; x_wconf 89' lang='lat' dir='ltr'><strong>ill.</strong></span> <span class='ocrx_word' id='word_1_328' title='bbox 529 4106 641 4156; x_wconf 88' lang='lat' dir='ltr'><strong>gramm.</strong></span> <span class='ocrx_word' id='word_1_329' title='bbox 662 4105 685 4140; x_wconf 88' lang='lat' dir='ltr'><strong>c.</strong></span> <span class='ocrx_word' id='word_1_330' title='bbox 699 4093 725 4140; x_wconf 82' lang='lat'><strong>4.</strong></span> <span class='ocrx_word' id='word_1_331' title='bbox 762 4088 906 4140; x_wconf 82' lang='lat' dir='ltr'><strong>Caeterum</strong></span> <span class='ocrx_word' id='word_1_332' title='bbox 924 4092 1038 4154; x_wconf 86' lang='lat' dir='ltr'><strong>praeter</strong></span> <span class='ocrx_word' id='word_1_333' title='bbox 1055 4086 1119 4139; x_wconf 86' lang='lat' dir='ltr'><strong>illas</strong></span> <span class='ocrx_word' id='word_1_334' title='bbox 1138 4088 1171 4138; x_wconf 88' lang='lat' dir='ltr'><strong>de</strong></span> <span class='ocrx_word' id='word_1_335' title='bbox 1191 4088 1288 4154; x_wconf 89' lang='lat' dir='ltr'><strong>quibus</strong></span> <span class='ocrx_word' id='word_1_336' title='bbox 1307 4086 1386 4138; x_wconf 86' lang='lat' dir='ltr'><strong>modo</strong></span> <span class='ocrx_word' id='word_1_337' title='bbox 1405 4087 1474 4137; x_wconf 80' lang='lat' dir='ltr'><strong>dixi&#39;</strong></span> 
     </span>
     <span class='ocr_line' id='line_1_34' title="bbox 312 4165 1461 4241; baseline -0.003 -16"><span class='ocrx_word' id='word_1_338' title='bbox 312 4175 393 4225; x_wconf 83' lang='lat' dir='ltr'><strong>Festi</strong></span> <span class='ocrx_word' id='word_1_339' title='bbox 416 4175 521 4241; x_wconf 83' lang='lat' dir='ltr'><strong>glossas</strong></span> <span class='ocrx_word' id='word_1_340' title='bbox 545 4176 629 4226; x_wconf 86' lang='lat' dir='ltr'><strong>etiam</strong></span> <span class='ocrx_word' id='word_1_341' title='bbox 652 4192 677 4241; x_wconf 90' lang='lat' dir='ltr'><strong>p.</strong></span> <span class='ocrx_word' id='word_1_342' title='bbox 697 4178 744 4226; x_wconf 87' lang='grc'><strong>161</strong></span> <span class='ocrx_word' id='word_1_343' title='bbox 763 4192 789 4228; x_wconf 89' lang='lat' dir='ltr'><strong>v.</strong></span> <span class='ocrx_word' id='word_1_344' title='bbox 810 4177 841 4225; x_wconf 92' lang='lat'><strong>10</strong></span> <span class='ocrx_word' id='word_1_345' title='bbox 859 4175 987 4226; x_wconf 76' lang='lat' dir='ltr'><strong>Minorem</strong></span> <span class='ocrx_word' id='word_1_346' title='bbox 1007 4176 1153 4239; x_wconf 78' lang='lat' dir='ltr'><strong>pontificum</strong></span> <span class='ocrx_word' id='word_1_347' title='bbox 1177 4177 1205 4226; x_wconf 84' lang='lat' dir='ltr'><strong>et</strong></span> <span class='ocrx_word' id='word_1_348' title='bbox 1226 4187 1252 4223; x_wconf 89' lang='lat' dir='ltr'><strong>v.</strong></span> <span class='ocrx_word' id='word_1_349' title='bbox 1273 4174 1305 4224; x_wconf 88' lang='lat'><strong>18</strong></span> <span class='ocrx_word' id='word_1_350' title='bbox 1327 4165 1461 4223; x_wconf 80' lang='lat' dir='ltr'><strong>maximum</strong></span> 
     </span>
     <span class='ocr_line' id='line_1_35' title="bbox 311 4257 1473 4327; baseline 0.002 -17"><span class='ocrx_word' id='word_1_351' title='bbox 311 4268 460 4325; x_wconf 78' lang='lat' dir='ltr'><strong>praetorem</strong></span> <span class='ocrx_word' id='word_1_352' title='bbox 483 4261 518 4310; x_wconf 87' lang='lat' dir='ltr'><strong>ad</strong></span> <span class='ocrx_word' id='word_1_353' title='bbox 540 4260 701 4311; x_wconf 87' lang='lat' dir='ltr'><strong>Messallam</strong></span> <span class='ocrx_word' id='word_1_354' title='bbox 723 4263 869 4327; x_wconf 85' lang='lat' dir='ltr'><strong>augurem‘,</strong></span> <span class='ocrx_word' id='word_1_355' title='bbox 893 4260 970 4310; x_wconf 88' lang='lat' dir='ltr'><strong>cuius</strong></span> <span class='ocrx_word' id='word_1_356' title='bbox 999 4259 1102 4310; x_wconf 89' lang='lat' dir='ltr'><strong>ibidem</strong></span> <span class='ocrx_word' id='word_1_357' title='bbox 1130 4263 1173 4310; x_wconf 86' lang='lat' dir='ltr'><strong>cst</strong></span> <span class='ocrx_word' id='word_1_358' title='bbox 1198 4275 1224 4312; x_wconf 87' lang='lat' dir='ltr'><strong>v.</strong></span> <span class='ocrx_word' id='word_1_359' title='bbox 1243 4261 1275 4309; x_wconf 78' lang='lat'><strong>27</strong></span> <span class='ocrx_word' id='word_1_360' title='bbox 1298 4257 1473 4324; x_wconf 57' lang='lat' dir='ltr'><strong>Marspedis„</strong></span> 
     </span>
    </p>
   </div>
   <div class='ocr_carea' id='block_1_6' title="bbox 312 4343 1544 4414">
    <p class='ocr_par' dir='ltr' id='par_1_6' title="bbox 312 4343 1544 4414">
     <span class='ocr_line' id='line_1_36' title="bbox 312 4343 1544 4414; baseline -0.001 -19"><span class='ocrx_word' id='word_1_361' title='bbox 312 4347 473 4396; x_wconf 87' lang='lat' dir='ltr'><strong>revocanda</strong></span> <span class='ocrx_word' id='word_1_362' title='bbox 490 4345 630 4397; x_wconf 87' lang='lat' dir='ltr'><strong>videntur:</strong></span> <span class='ocrx_word' id='word_1_363' title='bbox 654 4345 764 4396; x_wconf 88' lang='lat' dir='ltr'><strong>scilicet</strong></span> <span class='ocrx_word' id='word_1_364' title='bbox 784 4345 924 4397; x_wconf 88' lang='lat' dir='ltr'><strong>simillima</strong></span> <span class='ocrx_word' id='word_1_365' title='bbox 949 4361 1042 4396; x_wconf 90' lang='lat' dir='ltr'><strong>eorum</strong></span> <span class='ocrx_word' id='word_1_366' title='bbox 1065 4360 1135 4410; x_wconf 86' lang='lat' dir='ltr'><strong>quae</strong></span> <span class='ocrx_word' id='word_1_367' title='bbox 1160 4345 1194 4395; x_wconf 89' lang='lat' dir='ltr'><strong>ab</strong></span> <span class='ocrx_word' id='word_1_368' title='bbox 1219 4343 1315 4395; x_wconf 90' lang='lat' dir='ltr'><strong>eodem</strong></span> <span class='ocrx_word' id='word_1_369' title='bbox 1333 4344 1460 4409; x_wconf 88' lang='lat' dir='ltr'><strong>profecta</strong></span> <span class='ocrx_word' id='word_1_370' title='bbox 1541 4407 1544 4414; x_wconf 26' lang='grc' dir='ltr'>Ι</span> 
     </span>
    </p>
   </div>
   <div class='ocr_carea' id='block_1_7' title="bbox 312 4423 1460 4755">
    <p class='ocr_par' dir='ltr' id='par_1_7' title="bbox 314 4423 1458 4570">
     <span class='ocr_line' id='line_1_37' title="bbox 314 4423 1458 4498; baseline 0.001 -18"><span class='ocrx_word' id='word_1_371' title='bbox 314 4434 412 4481; x_wconf 87' lang='lat' dir='ltr'><strong>extant</strong></span> <span class='ocrx_word' id='word_1_372' title='bbox 425 4423 461 4496; x_wconf 82' lang='lat' dir='ltr'><strong>p.</strong></span> <span class='ocrx_word' id='word_1_373' title='bbox 481 4433 528 4482; x_wconf 78' lang='lat'><strong>157</strong></span> <span class='ocrx_word' id='word_1_374' title='bbox 553 4431 658 4483; x_wconf 77' lang='lat' dir='ltr'><strong>Minora</strong></span> <span class='ocrx_word' id='word_1_375' title='bbox 685 4433 792 4498; x_wconf 81' lang='lat' dir='ltr'><strong>itemque</strong></span> <span class='ocrx_word' id='word_1_376' title='bbox 814 4433 912 4483; x_wconf 82' lang='lat' dir='ltr'><strong>maiore</strong></span> <span class='ocrx_word' id='word_1_377' title='bbox 935 4432 1051 4496; x_wconf 82' lang='lat' dir='ltr'><strong>auspicia</strong></span> <span class='ocrx_word' id='word_1_378' title='bbox 1077 4434 1105 4480; x_wconf 88' lang='lat' dir='ltr'><strong>et</strong></span> <span class='ocrx_word' id='word_1_379' title='bbox 1127 4430 1238 4496; x_wconf 85' lang='lat' dir='ltr'><strong>plenius</strong></span> <span class='ocrx_word' id='word_1_380' title='bbox 1262 4434 1392 4480; x_wconf 84' lang='lat' dir='ltr'><strong>enarrata</strong></span> <span class='ocrx_word' id='word_1_381' title='bbox 1415 4445 1458 4498; x_wconf 87' lang='lat' dir='ltr'><strong>ap.</strong></span> 
     </span>
     <span class='ocr_line' id='line_1_38' title="bbox 314 4516 597 4570; baseline 0.004 -3"><span class='ocrx_word' id='word_1_382' title='bbox 314 4516 435 4567; x_wconf 86' lang='lat' dir='ltr'><strong>Gellium</strong></span> <span class='ocrx_word' id='word_1_383' title='bbox 453 4516 522 4569; x_wconf 88' lang='lat' dir='ltr'>XIII</span> <span class='ocrx_word' id='word_1_384' title='bbox 540 4518 597 4570; x_wconf 78' lang='lat'><strong>15.-</strong></span> 
     </span>
    </p>

    <p class='ocr_par' dir='ltr' id='par_1_8' title="bbox 312 4599 1460 4755">
     <span class='ocr_line' id='line_1_39' title="bbox 383 4599 1460 4672; baseline -0.002 -20"><span class='ocrx_word' id='word_1_385' title='bbox 383 4601 403 4665; x_wconf 87' lang='lat'><strong>¹)</strong></span> <span class='ocrx_word' id='word_1_386' title='bbox 423 4603 595 4672; x_wconf 79' lang='lat' dir='ltr'><strong>Quamquam</strong></span> <span class='ocrx_word' id='word_1_387' title='bbox 618 4619 671 4670; x_wconf 91' lang='lat' dir='ltr'><strong>quo</strong></span> <span class='ocrx_word' id='word_1_388' title='bbox 689 4603 713 4653; x_wconf 89' lang='lat' dir='ltr'><strong>is</strong></span> <span class='ocrx_word' id='word_1_389' title='bbox 735 4604 793 4654; x_wconf 85' lang='lat' dir='ltr'><strong>iure</strong></span> <span class='ocrx_word' id='word_1_390' title='bbox 813 4618 846 4653; x_wconf 87' lang='lat' dir='ltr'><strong>ex</strong></span> <span class='ocrx_word' id='word_1_391' title='bbox 867 4599 917 4653; x_wconf 88' lang='lat' dir='ltr'><strong>illo</strong></span> <span class='ocrx_word' id='word_1_392' title='bbox 941 4601 1002 4653; x_wconf 94' lang='lat' dir='ltr'><strong>loco</strong></span> <span class='ocrx_word' id='word_1_393' title='bbox 1026 4601 1158 4654; x_wconf 87' lang='lat' dir='ltr'><strong>Varronis</strong></span> <span class='ocrx_word' id='word_1_394' title='bbox 1183 4602 1234 4653; x_wconf 93' lang='lat' dir='ltr'><strong>VII</strong></span> <span class='ocrx_word' id='word_1_395' title='bbox 1257 4601 1289 4652; x_wconf 87' lang='lat'><strong>65</strong></span> <span class='ocrx_word' id='word_1_396' title='bbox 1313 4599 1460 4654; x_wconf 89' lang='lat' dir='ltr'><strong>concludat</strong></span> 
     </span>
     <span class='ocr_line' id='line_1_40' title="bbox 312 4686 1458 4755; baseline -0.004 -14"><span class='ocrx_word' id='word_1_397' title='bbox 312 4691 467 4741; x_wconf 85' lang='lat' dir='ltr'><strong>Varronem</strong></span> <span class='ocrx_word' id='word_1_398' title='bbox 484 4688 590 4751; x_wconf 75' lang='lat' dir='ltr'><strong>Valerii</strong></span> <span class='ocrx_word' id='word_1_399' title='bbox 608 4688 652 4739; x_wconf 60' lang='lat' dir='ltr'><strong>‘de</strong></span> <span class='ocrx_word' id='word_1_400' title='bbox 670 4686 768 4755; x_wconf 86' lang='lat' dir='ltr'><strong>lingua</strong></span> <span class='ocrx_word' id='word_1_401' title='bbox 786 4688 885 4739; x_wconf 86' lang='lat' dir='ltr'><strong>latina’</strong></span> <span class='ocrx_word' id='word_1_402' title='bbox 903 4686 982 4739; x_wconf 89' lang='lat' dir='ltr'><strong>libris</strong></span> <span class='ocrx_word' id='word_1_403' title='bbox 1000 4703 1078 4740; x_wconf 88' lang='lat' dir='ltr'><strong>usum</strong></span> <span class='ocrx_word' id='word_1_404' title='bbox 1095 4687 1186 4744; x_wconf 87' lang='lat' dir='ltr'><strong>videri</strong></span> <span class='ocrx_word' id='word_1_405' title='bbox 1202 4703 1257 4740; x_wconf 91' lang='lat' dir='ltr'><strong>non</strong></span> <span class='ocrx_word' id='word_1_406' title='bbox 1274 4686 1363 4753; x_wconf 84' lang='lat' dir='ltr'><strong>magis</strong></span> <span class='ocrx_word' id='word_1_407' title='bbox 1382 4700 1458 4737; x_wconf 85' lang='lat' dir='ltr'><strong>asse-</strong></span> 
     </span>
    </p>
   </div>
   <div class='ocr_carea' id='block_1_8' title="bbox 0 0 1860 5634">
    <p class='ocr_par' dir='ltr' id='par_1_9' title="bbox 0 0 1860 5634">
     <span class='ocr_line' id='line_1_41' title="bbox 0 0 1860 5634; baseline 0 0"><span class='ocrx_word' id='word_1_408' title='bbox 0 0 1860 5634; x_wconf 95' lang='lat' dir='ltr'><strong> </strong></span> 
     </span>
    </p>
   </div>
  </div>
 </body>
</html>
