3709 5634
429 636 476 685 mr
499 636 551 685 xu
575 636 789 687 rusvnnnvu
811 638 989 703 unnrovus
1012 605 1299 692 cousrrrvnums.
1377 628 1437 695 105

296 797 390 873 capit’
407 830 448 841 -
463 797 504 857 ‘et
516 797 665 875 caeaprr
690 794 782 859 Festi
802 792 879 860 libri
898 818 931 881 p.
947 794 1010 860 364
1024 832 1066 843 -
1080 796 1217 862 mirifice
1234 796 1370 883 languet
1390 807 1436 863 at-

296 917 359 983 que
374 894 514 961 otiosum
529 905 593 963 est:
620 896 707 984 quod
726 896 796 961 iure
818 896 961 983 explosit
973 896 1185 964 Eichstadius
1202 897 1269 984 (De
1283 899 1438 967 IOtorum

296 1006 395 1084 atque
406 996 646 1085 philologorum
655 998 798 1065 discordi
810 1021 908 1087 saepe
916 1001 1100 1067 concordia.
1106 1002 1176 1066 Ien.
1185 1000 1304 1088 1839p.
1314 1003 1435 1089 llsq.).

296 1098 330 1165 Is
346 1108 456 1165 autem
471 1104 648 1190 perperam
662 1100 761 1167 rediit
775 1101 818 1166 ad
834 1100 994 1187 Scaligeri
1010 1104 1245 1169 correctionem
1265 1110 1438 1184 ‘vineaeque

295 1210 467 1283 concapes’,
489 1202 529 1269 de
552 1226 619 1291 qua
632 1225 709 1270 vere
730 1202 845 1269 statuit
860 1204 899 1270 Ο.
915 1203 1093 1271 Muellerus
1115 1204 1158 1270 ad
1172 1207 1262 1271 Fest.
1277 1205 1299 1272 l.
1330 1206 1381 1271 Ac
1396 1229 1437 1273 ne

295 1304 493 1371 Mommseni
513 1304 645 1393 quidem
665 1306 842 1373 auctoritas
865 1306 954 1394 quod
972 1330 1077 1395 nuper
1095 1308 1131 1371 in
1145 1308 1238 1373 Festi
1259 1308 1331 1373 cod.
1348 1318 1437 1395 quat.

296 1406 381 1491 XVI
395 1429 428 1493 p.
445 1407 485 1473 76
500 1408 646 1475 breviter
665 1409 796 1475 notavit
811 1410 918 1475 ‘unice
939 1432 1019 1475 vera
1039 1420 1090 1476 est
1110 1410 1294 1476 emendatio
1314 1410 1436 1495 [Bosii]

295 1516 324 1574 ‘e
337 1517 501 1591 compupe',
516 1510 715 1597 persuadere
730 1511 851 1598 potuit:
880 1533 955 1577 cum
970 1511 1051 1576 mihi
1066 1512 1198 1599 quidem
1214 1513 1308 1579 unice
1321 1513 1437 1599 probe·

297 1620 352 1690 tur
371 1611 576 1698 ingeniosum
592 1612 742 1679 Muelleri
767 1613 938 1680 inventum
964 1621 998 1679 ‘e
1017 1621 1197 1695 concape'
1212 1652 1255 1663 —-
1268 1615 1335 1679 nisi
1350 1614 1437 1702 quod

296 1720 480 1795 ‘concupi’
494 1714 602 1802 potius
618 1737 662 1780 ex
676 1715 826 1782 codicum
840 1717 991 1802 vestigiis
1007 1718 1146 1783 eruitur:
1164 1716 1438 1804 quemadmodum

295 1816 384 1883 VIII
401 1817 440 1881 12
455 1820 554 1883 ‘lucr'
571 1840 613 1883 ex
624 1817 695 1883 XII
711 1828 743 1883 et
757 1819 793 1883 in
804 1818 903 1883 Ennii
917 1820 1130 1887 imitationem
1147 1826 1187 1884 ‘si
1198 1826 1274 1898 luci,
1289 1826 1317 1884 si
1329 1826 1438 1884 nox.)

295 1928 329 1985 at
348 1919 383 1984 in
404 1918 591 1987 testimonia
612 1919 713 1986 Gellii
733 1920 786 1987 XI
808 1922 864 2004 18,
887 1922 907 1987 8
928 1932 962 1988 et
982 1921 1148 1989 Ciceronis
1171 1946 1203 2009 p.
1224 1922 1332 1987 Tullio
1353 1926 1373 2005 ξ
1395 1921 1436 1986 47

294 2021 461 2107 transiit¹)
476 2020 562 2087 male
575 2021 651 2087 hinc
666 2022 839 2109 expulsum
861 2023 903 2090 ab
920 2024 1104 2091 editoribus
1125 2035 1256 2110 praeter
1269 2022 1437 2103 Kellerum

295 2124 460 2191 omnibus.
496 2127 666 2205 ‘concupis’
683 2134 791 2190 autem
806 2125 1004 2191 vocabulum
1019 2126 1082 2191 etsi
1097 2126 1230 2192 aliunde
1244 2134 1357 2193 notum
1371 2148 1438 2191 non

295 2236 363 2309 cst,
384 2236 494 2293 tamen
514 2236 547 2293 et
567 2226 633 2313 legi
654 2228 807 2294 formatio
828 2228 965 2313 antiqua
987 2237 1020 2294 et
1041 2229 1238 2315 significatio
1263 2229 1339 2293 huie
1365 2227 1440 2293 loco

295 2330 417 2417 optime
432 2330 592 2415 congruit.
614 2328 873 2417 IpseMuellerus
889 2330 1004 2397 iamin
1018 2354 1114 2405 usum
1129 2354 1225 2397 suum
1235 2332 1336 2398 vertit
1344 2329 1439 2394 Pauli

294 2430 441 2516 glossam
455 2454 488 2519 p.
503 2431 566 2497 225
581 2438 771 2513 ‘procopio
782 2440 942 2513 properiter
956 2454 1034 2513 quae
1048 2438 1087 2499 ab
1101 2455 1160 2499 uno
1174 2440 1272 2515 capite
1282 2438 1436 2515 procedit'

295 2573 337 2583 -
361 2534 407 2601 cf.
426 2534 524 2621 paulo
545 2534 642 2601 aliter
662 2544 854 2623 comparata
875 2540 1028 2617 ‘procopio
1051 2543 1221 2617 proximus'
1247 2541 1438 2617 ‘procopius

293 2642 452 2718 proximis’
469 2636 579 2704 Gloss.
594 2636 676 2703 Isid.
691 2661 747 2702 -:
773 2646 903 2725 poterat
918 2638 1019 2704 etiam
1039 2637 1179 2703 alterum
1199 2639 1263 2703 huc
1281 2660 1437 2705 revocare

294 2764 327 2827 p.
343 2741 383 2805 91
406 2743 659 2821 ‘sormucapes
680 2740 741 2825 (ita
762 2738 848 2806 Scal.
865 2744 1052 2818 formucules
1072 2739 1143 2807 cod.
1166 2741 1338 2806 manifesto
1359 2740 1437 2824 err.)

293 2840 428 2925 sortirer
442 2848 541 2909 dictae
554 2847 635 2923 quod
644 2847 748 2921 forma
763 2848 897 2923 capiaat'
913 2843 955 2908 of.
971 2866 1002 2929 p.
1021 2843 1073 2908 84.
1101 2842 1263 2907 Nimirum
1277 2843 1358 2907 haec
1373 2843 1438 2907 fuit

295 2944 401 3011 forma
413 2946 575 3012 vetustior
590 2966 702 3013 corum
714 2967 797 3033 quae
809 2947 843 3011 in
859 2953 961 3032 ‘ceps'
980 2955 1095 3031 postea
1111 2952 1279 3010 contracta
1293 2954 1370 3009 sunt
1386 2943 1437 3009 vcl

295 3046 578 3115 substantivorum
586 3047 640 3115 vel
651 3048 901 3131 adiectivorum,
914 3057 951 3113 ut
961 3055 1151 3133 ‘manceps'‚
1163 3053 1318 3133 ‘auceps’,
1333 3052 1436 3133 ‘prae-

295 3158 395 3237 ceps’,
412 3154 571 3237 ‘ancepsu
594 3160 693 3239 atque
709 3158 874 3233 ‘accires',
891 3154 1046 3231 ‘dictarat
1062 3154 1252 3230 ‘praecipies’
1265 3147 1437 3213 nominati-

295 3274 354 3319 vos
375 3252 519 3340 antiquis
540 3252 644 3319 fuisse
664 3252 825 3319 Plautinis
847 3252 1006 3341 exemplis
1027 3252 1218 3317 Priscianus
1245 3251 1437 3337 comprobat

295 3376 326 3441 p.
348 3354 410 3421 725
430 3354 468 3420 P.
491 3354 534 3420 cf.
549 3354 696 3441 Scaliger
717 3356 760 3421 ad
781 3356 872 3421 Festi
892 3355 914 3421 l.
952 3357 1040 3421 Tum
1059 3377 1100 3421 ne
1118 3354 1285 3421 notionem
1305 3353 1436 3441 quidem

296 3458 474 3544 ‘concapis'
488 3456 629 3523 alienam
644 3480 717 3523 esse
732 3458 774 3525 ab
794 3457 942 3525 hocloco
958 3458 1106 3524 eiusdem
1126 3458 1238 3545 stirpis
1260 3457 1356 3522 docet
1371 3478 1437 3522 vox

295 3559 496 3647 ‘capistrum'
512 3558 553 3625 de
565 3559 690 3625 vitibus
703 3560 853 3628 adhibita
868 3582 888 3625 a
900 3559 1081 3626 Columella
1092 3560 1142 3627 IV
1154 3560 1207 3643 20,
1220 3562 1240 3625 3
1253 3567 1360 3639 ‘quare
1369 3580 1449 3623 cum.

295 3666 338 3727 ud
349 3682 494 3727 summum
503 3668 611 3743 palum
625 3672 704 3729 recte
718 3668 785 3729 vitis
798 3672 918 3729 carecta
932 3674 987 3746 ert,
1001 3668 1133 3744 canulro
1141 3668 1355 3741 enutriretur
1367 3668 1436 3726 etr?

294 3764 501 3848 uuam

295 3890 497 3899 ffl-

294 3943 406 4007 propter
423 3937 635 4005 Scaligeranam
651 3941 806 3991 retractata
824 3940 910 3993 refert
926 3955 954 4005 p.
972 3940 998 3990 4.
1028 3938 1066 3990 cf.
1084 3938 1254 4003 Barnaysius
1271 3938 1308 3988 Ἰ.
1326 3937 1350 3988 Ι.
1369 3935 1437 3988 Sca-

293 4024 377 4093 ligcr’
394 4042 422 4091 p.
441 4026 490 4076 144
507 4040 548 4091 sq.

374 4108 395 4175 ¹)
417 4110 505 4162 Recte
528 4110 593 4163 hiae
611 4109 792 4163 Schroctcrus
811 4110 899 4162 eflicit
921 4108 963 4175 (in
985 4108 1138 4161 Schnnckii
1155 4108 1226 4159 Ann.
1248 4108 1304 4163 litt.
1328 4109 1377 4159 iur.
1396 4110 1437 4160 1v

293 4212 319 4263 p.
338 4194 382 4260 33)
401 4198 478 4247 ‘luce'
495 4195 587 4263 potius
605 4210 688 4262 qnam
705 4195 776 4261 quod
795 4196 960 4262 quibusdam
978 4212 1012 4247 ex
1029 4195 1166 4261 prioribus
1178 4194 1267 4245 visum
1279 4197 1331 4262 ⁸est
1346 4196 1436 4245 ‘inter-

294 4283 348 4333 dr‘u’
366 4280 396 4331 in
414 4280 477 4345 lege
496 4280 638 4346 extitiss03
657 4282 694 4336 cf.
714 4281 798 4333 etiam
816 4280 935 4333 formula
958 4281 1113 4348 rogationis
1136 4279 1210 4345 apud
1228 4279 1339 4330 Livium
1355 4280 1436 4329 XXII

295 4368 336 4433 10,
355 4368 371 4423 6
388 4367 413 4417 ri
428 4374 502 4417 nocte
519 4370 571 4420 sine
589 4370 643 4419 luce
662 4393 696 4403 -
712 4368 796 4430 furit,
812 4366 894 4433 probe
909 4364 1007 4431 scotiam
1024 4374 1088 4419 erto.
1113 4364 1261 4416 Caeterum
1280 4361 1437 4415 adverbiali

293 4453 366 4503 ‘nox'
387 4449 415 4514 (a
433 4450 547 4517 ‘nocts’)
566 4453 610 4503 cui
629 4456 694 4519 apte
713 4452 793 4503 ‘fors’
812 4452 973 4505 adverbium
992 4454 1135 4518 comparat
1148 4449 1300 4501 Corssenus
1317 4450 1346 4498 in
1358 4448 1434 4498 Kuh-

293 4536 332 4587 nii
349 4536 451 4589 Annal.
463 4537 506 4589 111
524 4540 572 4590 291
585 4552 626 4604 sq.
637 4564 670 4575 -
688 4538 742 4589 etsi
759 4536 793 4588 de
813 4537 984 4604 explicandis
1001 4537 1045 4589 bis
1063 4537 1159 4588 formis
1176 4534 1250 4585 band
1269 4550 1356 4600 aeque
1375 4550 1436 4600 per·

293 4622 382 4673 snasit
398 4648 432 4657 —
453 4623 571 4677 Plautus
594 4638 704 4690 quoque
726 4622 814 4675 utitur
836 4621 1057 4688 Asin.111³,r
1082 4620 1153 4686 (697)
1177 4626 1245 4671 ‘uox
1266 4621 1291 4670 oi
1311 4622 1380 4670 voles
1403 4644 1435 4656 -·

292 4706 418 4767 maneba’
