3709 5634
435 656 494 720 102
852 670 965 717 GAPVT
987 667 1166 729 qvnsrvu.
1229 648 1233 653 ’

433 826 474 891 de
489 824 612 893 Enunt.
629 825 646 889 I
662 824 762 890 96.-
777 821 843 890 Sed
857 821 1020 909 gravioris
1035 821 1147 887 mendi
1161 822 1301 910 suspitio
1315 824 1415 889 estin
1429 823 1577 890 membro

433 928 522 1016 quod
536 928 687 1015 proxime
701 927 848 1013 iungitur
863 932 943 991 ‘cum
953 934 1103 1006 perorant
1115 928 1201 989 umbo
1212 934 1409 1005 praesentes’:
1423 948 1490 1014 qua
1500 935 1577 991 tem-

433 1030 522 1119 poris
539 1029 779 1117 significatione
796 1038 965 1115 tamquam
984 1028 1020 1092 in
1040 1038 1232 1094 transcursu
1251 1028 1375 1095 inserta
1390 1039 1423 1095 et
1445 1027 1529 1114 legis
1544 1030 1578 1092 in

435 1132 605 1198 sententiis
626 1132 809 1218 pangendis
830 1129 1024 1217 simplicitas
1050 1131 1178 1217 etipsa
1201 1132 1250 1195 rei
1275 1131 1398 1196 veritas
1425 1130 1578 1198 violatur.

433 1234 559 1322 Nempe
584 1234 728 1321 insequi,
754 1255 820 1300 non
845 1234 998 1321 prosequi
1023 1252 1159 1297 caussae
1187 1233 1423 1299 coniectionem
1452 1232 1580 1300 solebat

433 1337 610 1424 peroratio,
626 1336 661 1402 in
676 1358 778 1423 eaque
794 1335 892 1401 cardo
907 1335 1009 1401 totius
1024 1334 1162 1400 actionis
1177 1335 1302 1423 positus
1317 1335 1397 1401 fuit:
1414 1335 1458 1400 cf.
1475 1335 1578 1402 Gaius

434 1438 484 1503 IV
502 1438 541 1505 15
557 1443 684 1505 ‘Deinde
697 1459 768 1504 cum
780 1443 823 1503 od
835 1443 963 1503 iadicem
978 1449 1136 1516 veneant,
1151 1448 1237 1503 ante
1256 1457 1363 1518 quam
1382 1459 1402 1501 o
1404 1440 1485 1519 pud
1504 1458 1579 1501 eum

433 1560 586 1607 causum
602 1550 845 1621 perorarent,
870 1545 1004 1606 solebant
1021 1544 1148 1606 breviter
1169 1547 1245 1605 ciet
1264 1546 1352 1620 quasi
1371 1560 1433 1620 per
1452 1544 1578 1605 indeem

433 1664 498 1709 rem
512 1663 676 1725 exponere,
692 1664 771 1723 quae
786 1648 941 1708 dicebatur
954 1664 1067 1709 causae
1080 1650 1221 1709 coniectae
1236 1644 1381 1729 (collectio
1391 1642 1480 1727 eod.)
1496 1650 1581 1721 quasi

433 1766 545 1811 causae
558 1753 674 1811 suasio
690 1751 776 1811 breve
789 1752 923 1815 coactio!
939 1783 974 1793 —
989 1745 1198 1833 Quamquam
1208 1746 1400 1833 neutiquam
1415 1745 1579 1810 satisfacit

434 1848 580 1915 violenta
597 1844 756 1934 Sealigeri
774 1846 902 1913 medela
922 1849 1022 1913 etiam
1043 1848 1086 1914 ab
1100 1849 1221 1914 Ursino
1237 1848 1351 1935 Lipsio
1365 1847 1512 1913 Funccio
1527 1870 1577 1912 re·

434 1960 547 2038 cepta,
574 1973 640 2039 qua
665 1960 770 2017 totum
795 1950 978 2017 membrum
1004 1952 1147 2017 resecuit
1176 1962 1274 2038 atque
1301 1970 1362 2037 pro
1392 1941 1579 2030 ‘praesenti'

434 2051 554 2118 deinde
570 2053 742 2119 substituit
757 2058 975 2133 ‘praesentibus
988 2058 1148 2119 ambobus'
1176 2054 1245 2119 Nec
1259 2053 1377 2118 melius
1398 2052 1448 2116 rei
1468 2075 1489 2118 a
1504 2050 1579 2119 (ios-

433 2176 529 2221 mano
556 2154 743 2222 consultum
770 2166 820 2221 est
845 2156 901 2242 qui
925 2156 1165 2243 extemporali
1189 2156 1362 2222 relativam
1383 2156 1580 2221 sententiam

434 2256 595 2323 reddidit:
624 2265 732 2337 ‘qoam
753 2269 903 2340 perorant
927 2279 957 2322 a.
982 2265 1027 2338 p.’
1064 2260 1141 2347 Ipse
1169 2260 1273 2344 igitur
1301 2279 1376 2323 cum
1405 2257 1579 2345 aliquando

434 2368 647 2446 temptassem
671 2368 785 2426 ‘eoram
808 2373 973 2441 perorante
992 2366 1078 2425 ambo
1093 2369 1150 2444 p.',
1170 2361 1236 2427 iam
1256 2360 1475 2427 libentissime
1502 2359 1579 2426 cedo

434 2461 573 2546 Bergkii
588 2464 729 2528 acumini
750 2486 814 2550 quo
834 2474 914 2550 puto
935 2463 971 2529 id
993 2465 1105 2552 ipsum
1125 2462 1212 2551 quod
1231 2462 1400 2549 flagitatur
1422 2463 1495 2529 sine
1516 2461 1579 2528 ullo

433 2562 582 2629 lectionis
607 2564 749 2630 traditae
771 2565 966 2632 detrimento
982 2567 1172 2633 rest‘tutum
1187 2587 1274 2632 csse:
1292 2571 1385 2630 ‘eom
1395 2570 1577 2646 peroranto’

436 2665 536 2751 (Mus.
552 2667 601 2731 rh.
617 2666 672 2753 ph.
688 2652 776 2734 XIX
790 2669 854 2734 605
869 2669 944 2755 sq).
980 2668 1067 2733 Nam
1088 2669 1177 2756 quod
1197 2669 1268 2755 ipse
1289 2668 1395 2734 voluit
1415 2667 1579 2753 Bergkius
1689 2727 1690 2734 ,

435 2778 584 2849 ‘comque
596 2778 726 2851 peror.'.·
741 2770 858 2858 copula
871 2770 962 2836 haud
976 2779 1113 2856 gravate
1133 2770 1316 2837 carebimus
1337 2771 1373 2833 in
1387 2770 1477 2856 lege,
1499 2792 1580 2858 quae

435 2870 597 2958 asyndeta
611 2872 744 2939 minime
760 2875 931 2961 spreverit.
970 2880 1057 2939 ‘com'
1080 2882 1190 2938 autem
1210 2881 1344 2939 vetusta
1362 2872 1504 2961 forma¹)
1525 2894 1581 2960 per
1688 2961 1689 2966 γ

436 2994 472 3039 se
485 2974 595 3061 posita
608 2984 646 3040 ut
661 2974 864 3042 Graecorum
880 2977 936 3044 εύν
952 3014 993 3024 -
1008 2976 1051 3040 of.
1067 2976 1102 3039 in
1117 2974 1235 3061 Cyrilli
1249 2974 1305 3041 Gl.
1321 2976 1395 3039 ‘'eoa
1410 2976 1511 3058 criv’,
1527 2973 1580 3041 Gt.
1688 3003 1689 3012 ¹

434 3074 542 3142 Labb.
563 3081 638 3141 ‘eoo
660 3088 689 3141 et
708 3097 774 3143 eom
796 3079 879 3145 crir'
901 3079 1101 3165 -apprime
1127 3078 1283 3144 convenit
1302 3076 1373 3142 XII
1393 3076 1580 3144 tabularum

435 3177 635 3265 antiquitati.
1166 3197 1168 3201 ’

520 3280 661 3346 Omnino
688 3290 798 3347 autem
822 3283 1082 3370 praepositiones
1107 3283 1142 3346 in
1168 3282 1242 3369 lege
1267 3283 1438 3370 propriam
1459 3284 1529 3350 vim
1550 3294 1581 3350 et

434 3381 622 3448 libertatem
637 3383 780 3469 quodam
801 3384 896 3451 modo
919 3384 1093 3449 retinuisse
1115 3384 1266 3472 exemplo
1287 3397 1364 3452 sunt
1384 3408 1404 3449 a
1418 3386 1518 3453 Festo
1539 3387 1580 3451 oi·
1686 3417 1687 3458 ;

431 3490 507 3548 tata
522 3486 682 3564 ‘transque
698 3491 785 3551 dato’
806 3492 960 3565 ‘sudoque
972 3493 1127 3566 plorato&
1141 3496 1179 3552 ut
1193 3488 1327 3570 rectius,
1341 3488 1377 3577 ni
1392 3487 1502 3572 fallor,
1518 3489 1579 3555 dis·

435 3584 606 3671 tinguatur
634 3587 732 3652 etiam
758 3594 846 3653 ‘endo
874 3593 975 3654 e’oer'to’
1003 3588 1034 3674 (I
1059 3589 1106 3675 2),
1137 3594 1203 3668 ‘que‘
1225 3594 1336 3669 srapes
1359 3610 1400 3655 ex
1425 3597 1580 3656 cantasse?
1685 3611 1686 3628 ²

315 3712 321 3736 ·
437 3686 539 3771 (VIII
554 3688 588 3775 7)
604 3689 675 3754 sim.
683 3690 709 3778 ²)
733 3690 825 3756 Idem
840 3692 930 3758 valet
945 3693 985 3757 de
1001 3690 1064 3756 alio
1079 3692 1323 3777 compositionis
1338 3714 1474 3778 genere,
1490 3694 1580 3760 velut

436 3795 558 3854 ‘venum
573 3795 674 3856 duuit’
691 3792 755 3879 (IV
775 3794 810 3882 2)
835 3833 868 3841 —
894 3794 937 3858 of.
959 3792 1082 3858 Pacuv.
1101 3793 1160 3856 121
1177 3794 1217 3857 R.
1240 3794 1346 3859 Plaut.
1369 3795 1471 3861 Merc.
1492 3795 1529 3861 Π
1548 3798 1579 3877 3,

437 3893 477 3958 19
493 3890 596 3977 (354).
619 3893 746 3959 Gellius
763 3896 803 3960 N.
820 3899 862 3961 A.
878 3894 948 3960 XX
966 3897 993 3977 1,
1012 3894 1051 3959 19
1067 3895 1227 3980 (Thomas
1242 3894 1342 3967 Thes.
1358 3919 1390 3983 p.
1408 3897 1471 3963 626
1486 3898 1533 3963 Μ.
1548 3907 1580 3963 et

436 3993 546 4060 Gloss.
561 3995 666 4061 Paris.
683 4019 716 4083 p.
728 3997 791 4062 290
800 3997 891 4063 Hild.
910 4006 1028 4063 ‘oenum
1043 4001 1183 4063 venditio'
1200 3998 1278 4086 (?)),
1299 4007 1357 4063 aut
1371 4006 1454 4064 ‘usus
1474 4011 1579 4066 aueto-

434 4101 522 4160 ritas'
538 4086 585 4183 (V
596 4096 660 4183 13),
678 4105 761 4164 ‘usos
775 4106 875 4181 capto’
894 4100 976 4184 (VIl
987 4101 1034 4188 4),
1050 4100 1093 4165 of.
1110 4105 1232 4165 ‘sotim
1243 4104 1335 4165 dotio’
1351 4101 1387 4164 in
1401 4100 1475 4187 lege
1491 4100 1576 4169 Gall.

505 4386 525 4449 ¹)
545 4391 619 4437 ‘con'
639 4390 802 4441 recentioris
820 4392 936 4458 originis
950 4396 1006 4454 est3
1025 4392 1062 4443 ci.
1075 4391 1247 4444 Ritschelius
1264 4392 1300 4443 de
1317 4392 1400 4445 titulo
1412 4394 1578 4447 Mummiano
1611 4370 1614 4379 Ι

435 4471 493 4521 Iud.
512 4471 599 4523 schol.
617 4474 703 4527 Bonn.
725 4476 790 4527 1852
808 4493 834 4543 p.
853 4477 900 4529 VI.
939 4477 972 4529 G.
991 4477 1103 4529 Certim
1120 4478 1212 4543 Etym.
1231 4494 1273 4544 gr.
1291 4478 1371 4532 elem.
1389 4479 1418 4530 H
1437 4481 1495 4530 120.

503 4554 525 4621 ²)
545 4557 582 4607 cf.
600 4558 738 4625 Bergkius
755 4560 788 4611 de
808 4577 891 4617 cerm.
911 4560 1198 4614 Saliar.1nd.Marb.
1218 4558 1312 4628 1847l8
1329 4581 1356 4631 p.
1374 4564 1421 4617 VI.
1453 4565 1578 4617 Riteche·
1680 4625 1681 4628 Ἴ

435 4638 489 4691 lius
511 4641 599 4694 Prisc.
622 4642 702 4699 latin.
724 4660 794 4697 mon.
815 4646 900 4715 epigr.
919 4646 1020 4699 Index:
1036 4648 1132 4701 diotae
1157 4654 1302 4715 anagnost.
1338 4649 1529 4701 Buechelerus
1551 4651 1578 4701 in

435 4725 615 4779 Fleckeiseni
632 4728 733 4783 Annal.
751 4730 817 4796 phil.
836 4732 869 4785 87
888 4749 915 4799 p.
933 4734 993 4785 339.
