3709 5634
759 654 897 702 unsrun
919 656 968 704 vr.
1036 711 1041 719 ,
1374 643 1435 708 135

847 809 878 871 6.

375 910 488 973 Liuius
512 908 640 991 11144,
666 910 714 973 12.
738 909 920 995 ‘postulunt
942 920 979 975 ut
1000 933 1068 975 rem
1090 911 1251 995 integram
1272 912 1307 975 in
1329 914 1433 999 patris

295 1010 467 1075 aduentum
483 1010 612 1076 differat
628 1013 686 1095 (su.
703 1013 830 1097 Appius
847 1011 1031 1097 Claudius),
1050 1010 1123 1097 lege
1138 1014 1180 1078 ab
1195 1013 1267 1098 ipso
1282 1012 1350 1079 lata
1363 1016 1433 1079 uin-

295 1112 394 1176 dicias
417 1112 472 1177 det
494 1112 672 1177 seeundum
694 1112 902 1179 libertatem?

795 1216 824 1279 7.
847 1216 876 1280 8.
900 1215 928 1279 9.

374 1331 859 1385 u1suvu1vucrvusu1>1uvs
882 1332 1036 1383 wusuvu
1064 1334 1086 1382 u
1109 1313 1259 1384 οουολυι
1280 1334 1327 1383 us
1354 1335 1432 1385 son·
1526 1386 1534 1393 ,
1598 1312 1606 1330 “

293 1436 383 1484 VITO.

293 1558 492 1569 *—

358 1628 382 1679 6.
399 1627 482 1679 Dion.
491 1625 557 1679 Hal.
568 1626 607 1677 XI
616 1629 649 1677 30
661 1623 745 1677 οὐδέν
757 1623 843 1679 ἀξιῶν
856 1623 926 1677 οὔτε
936 1622 1027 1678 ξένιον
1039 1625 1107 1679 οὔτε
1119 1626 1135 1678 δ
1149 1626 1186 1691 μὴ
1196 1627 1257 1678 τοῑε
1268 1624 1364 1679 ἄλλοι(
1375 1626 1433 1680 ἐπι-

292 1710 394 1765 δίδοται
406 1708 553 1774 Ῥωμαίοις
565 1706 680 1776 δίκαιον,
692 1707 717 1762 εἰ
729 1710 774 1761 καὶ
787 1710 823 1774 μὴ
836 1712 918 1762 πᾶειν
929 1708 1100 1776 ἀνθρώποιο,
1111 1710 1240 1775 εώματοι
1251 1708 1290 1765 εἰ(
1302 1710 1433 1764 δουλείαν

293 1796 319 1850 έξ
337 1792 495 1861 ἐλευθερία(
516 1793 655 1858 ἀγομένου
680 1794 716 1859 μὴ
735 1793 789 1846 τὸν
810 1794 1021 1861 ἀφαιρούμενον
1037 1796 1093 1860 τὴν
1113 1794 1273 1862 ἐλευθερίαν
1290 1795 1363 1849 ἀλλὰ
1379 1797 1433 1849 τὸν

292 1880 472 1946 φυλάττοντα
490 1877 588 1945 κύριον
606 1877 678 1931 εἶναι
697 1878 774 1944 μέχρι
791 1876 875 1944 δίκης.
888 1872 890 1877 ’
905 1878 961 1945 ἔφη
979 1895 1011 1933 τε
1028 1880 1072 1933 διὸ
1090 1880 1198 1933 πολλὰ(
1217 1879 1308 1934 αἰτίαι
1326 1881 1430 1947 προεή-

291 1980 347 2019 ιιειν
364 1969 406 2031 τῷ
428 1960 539 2029 Ἀππίῳ
558 1962 712 2027 φυλάττειν
729 1966 816 2016 τοῦτο
839 1962 874 2015 τὸ
892 1960 1012 2017 δίκαιον·
1035 1968 1152 2031 πρῶτον
1176 1965 1226 2030 μὲν
1249 1966 1297 2019 ὅτι
1309 1965 1363 2018 τὸν
1385 1966 1432 2019 νδ-

199 2078 202 2088 .
291 2065 342 2115 μον
358 2052 464 2103 τοῦτον
477 2048 533 2113 ἅμα
544 2054 604 2101 rote
622 2047 716 2101 ἄλλοι(
733 2047 765 2135 έν
782 2051 844 2100 ταῑε
856 2047 967 2101 δώδεκα
979 2048 1086 2103 δέλτοι(
1098 2049 1259 2117 ἀνέγραψεν
1270 2052 1331 2103 κτλ.
1352 2053 1431 2103 Pom·
1524 2123 1528 2131 .

290 2152 349 2201 pon.
361 2136 380 2187 I.
394 2134 496 2201 singul.
516 2131 663 2185 enohirldii
680 2134 715 2185 D.
729 2138 752 2197 1,
771 2138 796 2197 2,
816 2136 831 2184 2
849 2135 911 2195 §24
928 2136 1053 2186 ‘Initium
1070 2136 1157 2189 fuisse
1175 2137 1343 2189 secessionis
1362 2136 1431 2188 diei·
1537 2157 1540 2161 ·

289 2224 332 2271 tur
347 2221 488 2286 Virginius
507 2218 630 2284 quidam,
650 2220 696 2284 qui
715 2235 776 2270 eum
795 2220 1050 2283 animaduertisset,
1068 2221 1186 2288 Appium
1200 2222 1345 2273 Claudium
1364 2237 1428 2273 oon-

290 2309 331 2357 trs
347 2306 390 2357 ius
409 2305 482 2371 quod
498 2305 558 2371 ipse
577 2320 611 2354 ex
628 2307 724 2355 uetere
742 2306 803 2355 iure
821 2306 850 2354 iu
868 2304 1143 2364 duodecim-tabulas
1165 2307 1350 2358 transtulerat
1371 2308 1430 2358 uin·

289 2390 375 2442 dicias
393 2390 470 2441 filiae
488 2404 556 2441 suae
576 2405 592 2439 e
608 2405 637 2440 se
657 2389 794 2441 abdixisse
814 2393 842 2440 et
860 2390 1009 2441 seeundum
1029 2407 1089 2441 eum
1108 2393 1157 2457 qui
1174 2392 1204 2442 in
1216 2393 1380 2443 seruitutem
1392 2394 1428 2443 ab

290 2490 320 2526 eo
338 2477 498 2542 suppositus
516 2475 650 2541 petierat,
671 2474 788 2534 dixisse’
808 2490 868 2540 eq.
883 2491 905 2525 s.
936 2476 1035 2527 Liuius
1052 2478 1158 2539 11156,
1177 2478 1194 2527 4
1212 2478 1305 2528 ‘unius
1324 2481 1432 2527 tanturn

290 2561 423 2625 oriminis,
443 2560 500 2611 uisi
522 2559 642 2610 iuditrem
661 2559 736 2609 dices
755 2564 783 2610 te
803 2561 837 2611 ab
858 2559 990 2611 libertate
1008 2564 1037 2613 in
1055 2564 1219 2614 seruitutem
1238 2566 1335 2613 contra
1352 2559 1431 2627 leges

288 2646 422 2696 uindicias
440 2661 495 2695 non
513 2644 637 2706 dedisse,
656 2644 766 2695 ducite
786 2645 907 2700 iubebo.’
944 2646 980 2695 el.
1000 2648 1047 2709 57,
1065 2647 1090 2697 5.
1120 2648 1168 2711 44,
1186 2650 1211 2699 5.
1242 2646 1301 2698 cio.
1320 2647 1354 2697 de
1372 2663 1430 2712 rep.

288 2730 378 2781 11132
396 2731 439 2780 44.
466 2730 566 2780 Festus
585 2746 611 2795 p.
630 2732 680 2781 376
692 2730 729 2783 Μ.
748 2730 898 2783 ulndieiae.
924 2731 1041 2782 Zaleuci
1059 2730 1104 2783 lex
1123 2731 1195 2797 apud
1213 2731 1359 2797 Polybium
1376 2733 1430 2784 XII

289 2815 332 2879 16,
349 2818 374 2865 4.

353 2902 429 2955 7-9.
447 2900 548 2949 Festus
565 2916 591 2965 p.
605 2900 656 2951 364
666 2898 703 2949 Μ.
722 2899 852 2965 ‘Tignum
869 2914 925 2949 non
943 2899 1030 2951 solum
1047 2902 1078 2950 in
1095 2901 1229 2953 aediliciis
1248 2916 1300 2967 quo
1316 2904 1430 2952 utuntur

287 2985 453 3052 appelletur,
472 2982 521 3035 sed
534 2984 618 3034 etiam
631 2984 660 3033 in
672 2984 774 3049 uineis,
792 2988 823 3033 ut
835 2985 918 3035 estin
930 2986 996 3035 XII:
1016 2985 1172 3051 ‘Tignum
1184 3025 1191 3039 .
1205 3025 1211 3037 .
1225 3026 1233 3040 .
1247 2990 1264 3036 .’
1287 2985 1327 3037 Id.
1340 3002 1367 3052 p.
1379 2988 1430 3037 348

287 3069 461 3137 ‘sarpiuntur
485 3071 601 3132 uineae,
625 3068 653 3118 id
677 3072 719 3119 est
740 3072 884 3134 putantur,
903 3070 982 3119 utin
998 3071 1067 3120 XII:
1086 3071 1310 3135 ‘Quandoque
1329 3110 1336 3123 .
1355 3105 1361 3118 .
1382 3108 1389 3123 .
1410 3076 1429 3121 .’

286 3154 388 3206 Paulus
406 3156 426 3205 l.
439 3154 489 3205 XV
502 3154 627 3215 Quaestt.
646 3154 710 3220 Dig.
728 3154 776 3219 46,
795 3157 825 3219 3,
844 3154 877 3205 98
895 3160 964 3205 extr.
983 3155 1120 3221 ‘Denique
1138 3154 1184 3205 lex
1200 3156 1254 3205 XII
1272 3155 1429 3205 tabularum

286 3240 390 3305 tignum
409 3238 525 3307 aedibus
543 3240 666 3288 iunctum
690 3240 828 3289 uindicari
850 3254 933 3305 posse
958 3238 1079 3304 eoi(ui)t,
1102 3240 1151 3291 sed
1174 3241 1285 3291 interim
1306 3240 1335 3289 id
1358 3240 1430 3290 solui

182 3332 184 3337 ’
286 3326 425 3390 prohibuit
442 3324 614 3389 pretiumque
634 3323 692 3373 eius
712 3323 772 3374 dari
789 3324 899 3375 uoluit'
926 3324 1012 3376 Gaius
1030 3325 1049 3375 l.
1068 3325 1097 3376 II
1114 3326 1274 3388 Quotidian.
1300 3326 1365 3391 Dlg.
1384 3327 1427 3389 41,

287 3412 314 3469 1,
332 3413 346 3461 'i
365 3412 380 3473 ξ
400 3412 442 3461 10.
462 3408 507 3472 (id.
524 3410 592 3459 Inst.
612 3411 637 3472 2,
658 3411 671 3458 l
690 3410 704 3470 ξ
722 3407 765 3472 29)
786 3408 866 3459 ‘Cum
884 3410 913 3459 in
932 3423 981 3460 suo
1000 3410 1058 3461 solo
1077 3409 1178 3475 aliquis
1196 3410 1291 3460 aliena
1309 3411 1428 3460 materia

287 3494 484 3557 eedifioauerit‚
502 3494 563 3559 ipse
581 3494 706 3545 domiuus
724 3494 897 3560 intellegitur
915 3495 1046 3555 aedificii,
1065 3497 1129 3560 quia
1147 3510 1226 3545 omne
1239 3494 1311 3560 quod
1323 3496 1428 3546 inaedi-

285 3578 383 3630 ficatur
400 3579 460 3631 solo
478 3578 561 3630 cedit.
584 3580 642 3629 Nee
661 3583 754 3629 tamen
771 3579 834 3631 Ideo
852 3581 877 3630 is
895 3580 943 3645 qui
960 3580 1094 3631 materiae
1113 3580 1237 3631 dominus
1255 3581 1308 3631 fnit
1325 3581 1428 3631 desinit

287 3653 487 3714 eiusdeminus
506 3678 574 3726 esse,
594 3664 643 3713 sed
665 3665 801 3730 tantIsper
818 3679 908 3729 neque
926 3665 1070 3715 uindicare
1084 3681 1144 3716 eam
1162 3668 1265 3731 potest,
1283 3681 1374 3731 neque
1392 3664 1428 3715 ad

286 3748 468 3799 exhibendum
480 3747 514 3799 de
527 3765 561 3799 ea
575 3746 614 3812 (re
628 3743 689 3801 add.
703 3748 780 3813 Inst.)
795 3765 890 3814 egere,
902 3754 1015 3816 propter
1025 3749 1114 3815 legem
1128 3750 1181 3801 XII
1194 3750 1358 3815 tabularum,
1373 3765 1428 3815 qua

368 3941 397 3997 7.
421 3936 550 4017 uineuue]
573 3942 708 4014 uineaque
731 3939 912 3997 Victorianus
937 3941 1059 3997 minerue
1086 3940 1176 3996 Votis.
1200 3945 1276 3997 1549
1295 3942 1427 3997 uineaeue

286 4022 418 4082 Curiosius
438 4027 590 4099 uineaeque
612 4024 741 4099 Scoliper
761 4026 798 4081 al.
819 4028 870 4082 sed
888 4023 928 4097 cf.
951 4024 1008 4082 Cic.
1030 4027 1065 4081 de
1081 4042 1124 4082 or.
1139 4025 1178 4082 II
1189 4030 1243 4092 58,
1261 4030 1318 4081 237
1338 4028 1426 4083 Brut.

286 4115 335 4176 44,
353 4115 411 4168 162
431 4112 469 4167 od
483 4112 540 4167 Art.
556 4110 574 4165 I
590 4114 637 4182 19,
656 4116 673 4168 6
695 4110 800 4183 Verpii.
818 4111 889 4167 Aen.
909 4109 1041 4166 711724
1057 4112 1095 4167 ai.
1159 4128 1174 4166 e
1194 4112 1308 4185 concupi
1322 4114 1429 4184 scripsi

286 4194 461 4251 0.Mueilero
476 4199 595 4252 auctore
611 4194 672 4267 (qui
686 4194 830 4271 concape):
847 4203 875 4251 et
890 4197 1016 4270 concepit
1030 4196 1097 4252 libri
1115 4203 1143 4251 et
1158 4212 1280 4270 concopu
1295 4197 1352 4253 Ed.
1367 4196 1426 4252 Au·
1473 4257 1476 4262 .

282 4282 388 4351 pristini
408 4288 436 4337 el
457 4282 570 4355 concupi
586 4280 749 4338 Maiensius
769 4281 846 4337 Iliss.
860 4284 917 4337 iur.
935 4284 974 4335 48
989 4298 1017 4336 ιι.
1035 4285 1054 4335 4
1083 4298 1098 4337 e
1119 4297 1250 4355 compage
1271 4282 1376 4338 Bosius
1395 4284 1426 4338 ιἰι

285 4363 339 4421 Cic.
355 4367 394 4421 ad
404 4364 463 4421 All.
478 4364 499 4421 I
511 4369 545 4421 19
555 4367 640 4438 prob.
652 4366 825 4423 Mommseno
840 4368 870 4422 iu
885 4366 978 4421 ‘Festi
987 4366 1049 4422 cod.
1062 4368 1213 4437 quaternio
1226 4366 1256 4422 X
1263 4366 1317 4423 VI'
1330 4384 1364 4439 p.
1378 4371 1425 4424 76.

284 4465 418 4525 concapes
434 4449 564 4524 Scaiiper
578 4451 675 4525 copula
690 4467 713 4509 s.
729 4470 790 4509 oum
805 4452 895 4527 eapite
910 4450 1060 4507 Turnebus
1075 4450 1146 4507 Ado.
1162 4450 1247 4507 XIII
1259 4455 1297 4507 27
1318 4460 1346 4507 et
1361 4468 1425 4508 oon·

283 4536 401 4607 sapitum
419 4534 552 4593 Cuiocius
571 4535 650 4593 Obss.
667 4536 765 4593 XXII
780 4541 813 4593 19
836 4538 875 4593 sei
895 4537 1023 4609 ooneepit
1039 4535 1207 4593 Huscblcius
1229 4536 1330 4593 Comm.
1349 4539 1423 4594 adl.

283 4618 348 4675 XII
363 4620 421 4677 tab.
442 4622 476 4677 de
497 4625 573 4693 tipno
595 4625 689 4678 ιὐιιοιο
705 4640 738 4695 p.
756 4627 775 4678 4
803 4624 842 4678 sei
863 4621 976 4677 uiudioit
996 4620 1227 4690 suumomni)
1249 4625 1278 4677 in
1294 4622 1427 4678 Richteri

282 4702 355 4760 Arm.
371 4707 428 4761 iur.
446 4709 520 4761 1838
532 4723 564 4777 p.
581 4709 646 4763 395.
758 4700 761 4707 ’
