3709 5634
867 641 1006 691 TABVLA
1028 644 1089 692 v11.

963 797 995 861 5.

495 1069 598 1135 Gaius
621 1068 641 1133 l.
659 1069 695 1141 II
717 1069 760 1134 ad
775 1068 839 1134 Ed.
855 1092 949 1155 prou.
971 1069 1049 1153 Dig.
1066 1069 1096 1150 8,
1119 1071 1151 1150 3,
1175 1069 1206 1133 8.
1229 1067 1326 1132 ‘Viae
1348 1067 1488 1133 latitudo
1511 1090 1552 1133 ex

409 1170 482 1255 lege
503 1171 574 1237 XII
596 1171 784 1237 tabularum
805 1171 841 1235 in
861 1179 1049 1258 porrectum
1070 1179 1142 1235 octo
1165 1168 1265 1256 pedes
1288 1169 1407 1250 habet,
1436 1169 1472 1233 in
1499 1192 1551 1234 an·

410 1273 569 1355 froom,
591 1272 628 1337 id
650 1282 700 1337 est
720 1274 779 1339 ubi
800 1272 923 1339 flexum
946 1282 1014 1353 est,
1037 1271 1203 1337 sedecim!

493 1375 612 1440 Festus
634 1375 720 1439 XVI
741 1375 783 1440 26
805 1398 854 1461 sq.
877 1398 909 1461 p.
926 1375 967 1439 78
981 1374 1132 1439 Momms.
1154 1377 1202 1459 (p.
1217 1374 1279 1438 371
1303 1372 1432 1458 Muell.)
1457 1374 1552 1438 ‘Viae

410 1486 487 1542 sunt
508 1485 541 1541 et
561 1476 711 1562 publicae
733 1487 766 1543 et
786 1478 951 1563 priuatae:
975 1475 1127 1562 publicae
1148 1499 1206 1563 per
1229 1498 1311 1562 quas
1333 1475 1382 1540 ire
1403 1476 1553 1540 omnibus

410 1578 501 1660 licet,
524 1580 674 1665 priuatae
696 1579 814 1666 quibus
837 1578 1001 1644 neminem
1014 1578 1062 1641 uti
1076 1585 1123 1642 ius
1136 1589 1181 1641 esi
1198 1586 1332 1664 praeter
1346 1600 1462 1643 eorum
1476 1600 1553 1663 quo·

408 1703 482 1745 rum
510 1691 585 1745 sunt
606 1688 731 1745 nomirre.
776 1682 821 1747 Et
847 1681 921 1745 hae
943 1679 1029 1745 VIII
1055 1679 1156 1766 pedes
1184 1681 1219 1743 in
1245 1678 1421 1744 latitudine
1449 1684 1555 1743 iubent

407 1784 479 1848 iure
494 1791 527 1847 ei
540 1782 624 1869 lege,
639 1783 791 1871 publicae
806 1793 966 1870 quantum
980 1783 1065 1848 ratio
1079 1782 1231 1847 utilitatis
1246 1782 1420 1868 permittit.
1448 1781 1495 1846 Et
1509 1780 1554 1845 ita

408 1886 595 1973 priuatae
610 1892 679 1950 uiae
693 1885 748 1951 lex
762 1886 853 1951 iubet
864 1886 949 1950 XVI
964 1893 995 1948 in
1011 1888 1163 1962 anfracto
1173 1892 1326 1970 flexuque
1340 1885 1442 1971 pedes
1457 1891 1552 1949 esse!

494 2104 581 2153 νιΑιι
609 2106 803 2156 nvruvnso.
836 2108 874 2155 Νι
903 2106 973 2155 ssu
1000 2104 1300 2171 DsnfflnsssmT,
1334 2103 1405 2166 QVA
1437 2105 1553 2154 volnus

408 2207 566 2255 IVMENTA
588 2208 708 2258 AGITO.

496 900 527 947 SI
551 899 706 946 IVRGANT

477 2348 502 2397 5.
520 2348 625 2399 Nonius
642 2365 668 2413 p.
686 2350 737 2400 430
755 2364 795 2415 sq.
816 2348 955 2413 ‘Iurgium
974 2351 1003 2397 et
1024 2346 1060 2397 lis
1082 2346 1156 2397 hune
1173 2346 1278 2397 hubent
1299 2346 1477 2397 distantiam:
1501 2350 1554 2397 inr-

410 2434 486 2499 gium
507 2432 597 2484 lequr
618 2449 663 2484 res
683 2438 737 2494 est,
757 2434 892 2499 siqnidem
914 2435 988 2483 iuter
1003 2432 1150 2483 beniuolos
1168 2436 1217 2483 snt
1233 2433 1402 2497 propinquos
1419 2433 1554 2483 dissensio

409 2518 457 2569 nel
477 2518 647 2569 concertatio
665 2519 783 2585 iurqum
801 2519 917 2581 dicitur;
935 2519 1009 2567 inter
1025 2517 1151 2567 inimicos
1169 2516 1305 2567 dissensio
1327 2515 1363 2565 lis
1386 2517 1554 2582 appellatur.

410 2606 449 2655 M.
460 2603 569 2653 Tullius
581 2603 614 2654 de
627 2603 773 2669 republica
784 2604 803 2653 l.
817 2604 875 2654 ΗΠ
892 2602 1030 2652 ‘Admiror
1047 2618 1100 2651 nec
1117 2617 1209 2651 raram
1226 2601 1324 2664 solum,
1342 2601 1392 2651 sed
1407 2603 1554 2652 uerborum

411 2690 497 2739 etiam
510 2688 692 2754 elegantiam:
705 2690 749 2739 ‘si
761 2690 915 2754 iurgant’
929 2688 1033 2751 inquit:
1045 2687 1242 2737 beneuolorum
1255 2687 1441 2745 concertatio,
1454 2702 1509 2737 non
1521 2686 1554 2737 lis

410 2774 581 2824 inimicorum
599 2775 718 2839 iurgium
729 2773 838 2824 dieItnr.
863 2774 900 2823 Et
910 2773 941 2821 in
952 2772 1094 2837 sequenti:
1111 2772 1222 2836 iurgare
1234 2771 1320 2835 igitur
1330 2770 1377 2821 lex
1388 2775 1472 2837 putat
1482 2774 1555 2822 intas

411 2874 441 2909 sc
453 2858 570 2923 meinos,
582 2875 637 2910 non
649 2860 782 2925 litigare)
795 2858 885 2911 Gloss.
895 2857 984 2923 Ampl
994 2859 1043 2909 341
1055 2872 1085 2907 n.
1094 2858 1129 2907 '15
1140 2856 1293 2920 ‘iungant
1303 2860 1430 2922 pugnant
1441 2858 1554 2907 rixant'

477 2945 503 2996 6.
521 2945 609 2995 Varro
626 2944 661 2994 de
678 2946 711 2997 L.
729 2944 764 2993 L.
782 2944 835 2993 VH
853 2944 885 2993 15
907 2942 1083 2993 ‘Antruetnm
1100 2945 1144 2991 est
1159 2941 1260 2991 flexum
1277 2941 1313 2991 ab
1331 2942 1433 3007 origini
1450 2942 1555 3007 duplici

411 3027 528 3087 dictum,
547 3028 582 3078 ub
601 3030 707 3079 ambitu
725 3033 754 3079 et
771 3027 939 3093 frangendo:
958 3028 993 3078 ab
1012 3043 1045 3077 eo
1062 3027 1142 3091 leges
1163 3026 1261 3075 iubent
1283 3027 1314 3075 in
1330 3025 1438 3076 ditecto
1456 3026 1553 3091 pedam

410 3113 479 3162 VIII
503 3128 580 3179 esse,
602 3114 632 3163 in
654 3114 783 3163 anfracto
804 3113 886 3176 XVI,
904 3111 934 3161 id
955 3115 999 3161 est
1015 3112 1045 3160 in
1061 3111 1153 3161 fleru’
1187 3111 1261 3160 Festi
1276 3114 1357 3161 Ιοσιαιι
1371 3114 1461 3175 pando
1479 3114 1554 3162 aliter

411 3198 581 3249 iliomnsenus
597 3200 724 3263 suppleuit
738 3216 767 3263 p.
781 3201 830 3248 85.-
847 3198 931 3247 ‘Viae
948 3201 1012 3246 sunt
1030 3200 1059 3246 et
1074 3196 1219 3262 publicae,
1237 3210 1287 3260 per
1305 3210 1374 3259 quas
1390 3195 1434 3245 irc
1445 3196 1551 3262 (agere)

412 3283 539 3333 omnibus
556 3283 635 3347 licat,
656 3287 685 3334 et
701 3284 844 3349 priuatae,
863 3282 963 3347 quibus
979 3281 1117 3331 neminem
1128 3281 1171 3329 uti
1183 3276 1238 3342 (ius
1250 3279 1305 3340 est)
1315 3284 1429 3344 praeter
1441 3296 1553 3344 quorum

412 3370 488 3419 sunt.
512 3368 593 3417 etita
604 3370 732 3433 priuatae
745 3368 812 3421 VIII
823 3369 908 3433 pedes
920 3370 951 3417 in
961 3366 1110 3416 latitudine
1123 3365 1250 3428 (habent)
1260 3366 1321 3415 iure
1333 3369 1363 3415 et
1373 3365 1447 3429 lege,
1465 3365 1554 3430 publi·

413 3466 464 3501 cae
482 3478 515 3487 —
532 3453 674 3516 permittit.
701 3453 873 3515 (Praeterea)
892 3452 940 3503 lex
955 3452 1035 3501 iubet
1049 3450 1116 3501 XVI
1133 3451 1175 3512 (in
1192 3450 1330 3500 amfracto
1347 3449 1490 3515 delxuque
1507 3466 1552 3515 pe-

414 3534 463 3585 des
482 3534 579 3600 (latas)
599 3552 660 3588 esse
678 3538 761 3588 uias!
796 3537 833 3590 ci.
850 3539 917 3603 Dig.
935 3540 962 3599 8,
978 3540 1006 3598 3,
1025 3538 1058 3585 13
1074 3536 1091 3596 ἕ
1106 3537 1123 3585 2
1140 3549 1183 3599 sq.
1200 3537 1227 3598 8,
1244 3537 1269 3597 ι’),
1288 3537 1305 3585 6
1323 3538 1395 3587 extr.

481 3622 505 3673 i.
524 3621 628 3672 Festus
646 3622 666 3673 l.
683 3621 703 3671 l.
722 3623 790 3673 Vias
808 3620 949 3686 (s)ut(em)
968 3619 1079 3685 quintus
1096 3620 1191 3670 uerbis
1207 3620 1310 3670 muniri
1326 3621 1405 3671 iubet
1416 3619 1451 3670 de
1464 3619 1553 3685 publi·

498 3761 529 3817 7.
550 3762 611 3818 nias
630 3762 703 3817 ldtri.
724 3762 778 3817 sed
790 3760 831 3832 cf.
853 3761 909 3817 Cic.
930 3762 949 3815 1.
964 3762 984 3817 i.
1003 3762 1166 3833 Amsegetes
1185 3762 1259 3816 mam
1278 3760 1417 3816 liinoeus
1436 3762 1476 3817 ol.
1495 3777 1552 3817 sec.

411 3847 497 3902 Paul.
512 3861 579 3903 exc.
595 3861 635 3902 ex
648 3847 726 3902 Fosi.
736 3864 771 3919 p.
788 3850 824 3901 21
838 3845 879 3903 M.
902 3846 1075 3919 ‘Amsegetes
1091 3845 1234 3907 dicuntur,
1255 3862 1373 3919 qnorum
1393 3862 1461 3918 ager
1482 3847 1553 3903 ιιὶιιιι

413 3928 524 4005 tangit'
555 3932 606 3986 Am
628 3940 737 4005 segetes
762 3933 823 3987 idas
842 3931 908 3987 Iun.
936 3949 956 3985 a
977 3929 1062 3986 Costa
1085 3934 1117 3985 in
1138 3928 1323 3986 Meemunni
1341 3931 1426 3986 Titos.
1452 3931 1474 3987 Ι
1496 3936 1553 3986 705

412 4015 560 4089 Berykius
578 4017 610 4071 in
623 4017 727 4073 Annei.
741 4018 842 4073 scient.
862 4018 920 4071 iur.
934 4016 1001 4071 nisi.
1014 4013 1097 4070 XIV
1108 4019 1178 4070 141.
1273 4018 1434 4072 munInnto:
1453 4018 1482 4072 ni
1496 4033 1553 4072 sam

412 4101 608 4175 ‹ieiapidassiut
627 4100 819 4157 Mommsenus
838 4118 868 4172 p.
890 4104 931 4155 85
936 4122 947 4155 .·
966 4100 1093 4154 muniunt
1113 4100 1237 4156 onisandi
1257 4101 1362 4175 lapidas
1388 4100 1453 4155 Vni.
1474 4102 1551 4158 leid.

413 4188 557 4241 muniunto
579 4186 709 4243 omsamdi
730 4185 835 4259 lapidus
851 4228 858 4241 .
874 4227 880 4238 .
898 4227 927 4239 ..
949 4193 1014 4239 sunt
1035 4183 1217 4240 Victorianus
1232 4186 1393 4253 (Poiiiiuni)
1408 4189 1553 4243 muniunto

413 4270 546 4325 dionisam
560 4270 664 4345 lapides
678 4280 743 4327 sunt
762 4261 942 4334 Ursinianus,
959 4270 1036 4324 unde
1051 4269 1197 4341 Berykr'us
1210 4270 1388 4326 muniuntod:
1405 4288 1439 4326 eo
1455 4273 1554 4326 nisani

413 4354 518 4427 lapides
537 4364 612 4412 sunt.
640 4372 677 4413 m.
694 4344 821 4412 donicum
842 4354 948 4429 lapides
968 4361 1050 4409 esunt
1068 4353 1224 4411 Ducierius
1246 4372 1288 4411 m.
1304 4355 1433 4411 donicum
1450 4355 1553 4430 lapides

414 4446 526 4503 osonum
547 4441 575 4495 ni
595 4442 741 4497 munierint
763 4440 795 4497 0.
810 4439 970 4496 Muellerus
988 4439 1029 4493 nd
1045 4438 1125 4495 Fosi.
1142 4457 1176 4511 p.
1193 4443 1238 4495 21.
1254 4444 1322 4496 370.
1337 4439 1491 4496 Huscnlrio
1513 4444 1555 4509 (in

413 4522 513 4579 Mucii.
525 4522 625 4596 Suppi.
641 4524 715 4581 Anu.
725 4544 759 4598 p.
771 4529 831 4580 m
845 4532 873 4580 c!
884 4524 990 4579 Annul.
1003 4527 1102 4578 scient.
1114 4525 1173 4580 iur.
1187 4525 1253 4581 ns'st.
1267 4525 1336 4583 XII
1346 4528 1414 4591 393)
1429 4528 1555 4597 placuit.-

415 4609 443 4662 ιιι
458 4608 517 4663 niis
532 4606 569 4678 (r.
583 4609 666 4680 niem)
682 4612 808 4665 muniunt
829 4611 876 4683 qui
897 4610 952 4664 uiis
971 4616 1126 4681 ansegetes
1145 4615 1220 4666 snut
1312 4612 1435 4666 Iumenta
1460 4611 1557 4667 Ursini

414 4690 494 4747 cod:
509 4694 629 4749 iumento
651 4693 715 4750 Vui.
729 4694 809 4750 leid.
820 4695 905 4765 prot.
921 4692 1049 4749 nomas.
1071 4703 1186 4751 sunnio
1209 4695 1315 4751 Victor.
1378 4704 1462 4768 ageio
1485 4696 1553 4752 Vici.
