3709 5634
414 696 461 743 nu
483 697 677 746 versamus
699 697 752 746 xu
774 697 988 746 ranvunnvu
1010 694 1297 766 mrnnrnurrnvs.
1385 677 1427 742 33

277 851 377 916 nullis
391 850 512 917 habere
532 852 624 917 visus
645 861 697 917 est
715 851 898 919 infinitivus
920 852 1051 938 passive
1070 859 1246 936 usurpatus
1267 871 1427 935 gramma-

277 955 345 1019 tico
366 960 433 1018 aut'
445 954 526 1020 ICto
547 953 815 1040 imputandus-
839 977 937 1040 qnam
958 974 1023 1017 non
1039 951 1172 1018 sustulit
1185 952 1427 1034 Lachmannus,

277 1053 343 1120 etsi
362 1057 479 1121 merito
506 1079 561 1122 eos
587 1054 745 1122 refutavit
771 1057 827 1143 qui
852 1058 996 1122 activam
1016 1055 1288 1140 significationem
1309 1055 1428 1134 substi-

278 1167 413 1223 tuerunt
427 1182 483 1222 -ε
511 1181 586 1223 cum
610 1158 719 1224 forma
743 1158 917 1224 immutata
942 1180 984 1222 ex
1010 1157 1081 1241 lege
1103 1157 1138 1219 in
1160 1158 1429 1222 commentarium

277 1261 457 1324 transierit.
488 1259 605 1347 Itaque
625 1284 666 1325 ne
685 1260 740 1326 hic
760 1255 893 1346 quidem
913 1259 1004 1324 locus
1026 1260 1112 1344 quin¹
1126 1281 1168 1322 ex
1187 1259 1226 1323 L.
1248 1258 1337 1324 Aelii
1358 1259 1429 1323 XII

278 1360 512 1447 explanatione
539 1363 677 1427 haustus
706 1362 767 1443 sit,
793 1361 880 1427 ullus
909 1360 1035 1427 dubito.
1074 1360 1196 1446 'Atque
1222 1359 1266 1424 ad
1293 1359 1429 1428 eandem

277 1465 390 1534 nescio
418 1487 461 1528 an
488 1462 650 1528 Thesauri
676 1464 847 1530 latinitatis
874 1463 1099 1530 testimonium
1127 1462 1292 1548 pertineat
1316 1462 1358 1530 ab
1386 1463 1426 1527 A.
1477 1443 1493 1470 ⁸

276 1565 368 1631 Maio
395 1587 500 1652 nuper
525 1566 685 1653 publicati
708 1564 772 1651 (cl.
794 1569 892 1631 Auct.
920 1574 944 1630 t.
967 1564 1054 1630 VIII
1080 1588 1111 1651 p.
1135 1564 1228 1650 310):
1252 1569 1429 1644 ‘Librlpcnu

275 1674 357 1732 ensis
378 1666 414 1753 (l.
429 1669 543 1755 endis),
564 1689 599 1732 eo
613 1673 694 1748 quod
713 1673 750 1732 de
774 1689 865 1732 mauu
884 1674 948 1733 eius
970 1672 1102 1747 peneleul
1122 1671 1216 1743 llhru,
1244 1672 1324 1731 unde
1346 1671 1430 1731 Noe-

216 1805 223 1820 ·
276 1765 358 1834 ulus:
381 1773 439 1845 Oui
454 1775 563 1833 librum
582 1780 659 1835 leuel
679 1777 848 1850 appelletur
866 1770 902 1855 (l.
920 1761 1107 1851 appellatur)
1129 1773 1290 1847 llhrr'pem’
1306 1768 1364 1852 (cf.
1382 1769 1427 1834 ib.

277 1894 310 1958 p.
333 1871 432 1957 326):
471 1872 524 1936 cui
550 1895 609 1959 pro
635 1871 762 1938 Naevio
794 1883 853 1940 aut
884 1871 983 1938 fallor
1016 1881 1073 1936 aut
1099 1874 1228 1935 ‘Aelius’
1255 1871 1428 1938 restituem
1479 1863 1485 1874 '

274 1975 340 2038 dus
362 1983 424 2040 est.
970 2015 972 2020 ·
1204 1963 1208 1968 ¹
1397 2009 1409 2017 -

363 2075 473 2142 Aliter
489 2078 619 2144 omnino
635 2078 846 2143 statuendum
866 2088 917 2144 est
938 2078 979 2142 de
998 2075 1177 2146 Charisii
1197 2075 1269 2145 loco
1286 2099 1318 2163 p.
1333 2075 1427 2141 561³.

278 2179 320 2244 73
334 2179 377 2243 K.
388 2227 397 2261 ,
420 2201 518 2265 quem
537 2178 637 2246 talem
658 2179 854 2265 vulgaverat
875 2178 1049 2243 Pntschius
1071 2183 1168 2244 ‘unde
1188 2192 1218 2243 el
1237 2184 1428 2259 sepulchrum

277 2286 424 2360 hodieque
437 2292 551 2360 munel,
567 2288 648 2361 quod
660 2288 699 2346 sil
711 2303 842 2347 mosum
862 2304 882 2345 u
895 2286 1028 2361 pulchro
1046 2292 1171 2362 propter
1192 2288 1428 2348 recordationem

277 2389 399 2448 doloris.
430 2387 628 2463 Sepulchrum
648 2390 686 2448 uh
706 2389 846 2448 udumhio
866 2404 996 2449 seorsum
1016 2395 1045 2448 el
1061 2389 1223 2464 pulchrum
1238 2392 1340 2449 ullus
1359 2397 1428 2450 lra-

277 2496 362 2553 ctum.
372 2490 459 2566 dicit,
476 2492 557 2565 quocl
570 2494 601 2551 in
616 2492 672 2551 hoc
686 2494 803 2551 nomiae
817 2493 1003 2566 componitur
1018 2493 1105 2551 semis
1119 2498 1149 2551 el
1159 2493 1334 2567 pulchrum,
1356 2495 1427 2566 qula

272 2593 436 2668 pulchrum
456 2596 614 2669 superficie
638 2600 668 2653 el
693 2597 771 2653 lutus
787 2570 917 2668 ⁸plenum
944 2594 1078 2654 ossibus?
1107 2589 1174 2656 Ubi
1201 2590 1330 2656 etiamsi
1356 2591 1428 2654 iure
1527 2635 1530 2642 -

278 2696 410 2755 ‘Aelius'
427 2691 623 2764 substitutus
640 2701 727 2756 esset
742 2714 762 2755 a
777 2690 1014 2775 Oannegietero
1028 2691 1125 2758 Obss.
1142 2694 1204 2757 iur.
1218 2714 1299 2758 rom.
1310 2693 1371 2779 Ip.
1387 2695 1426 2756 11

279 2802 403 2879 etpost
419 2814 491 2856 eum
508 2815 528 2857 a
543 2793 582 2859 R.
598 2793 731 2879 Ungero
747 2793 788 2858 de
802 2792 914 2878 Valgii
928 2793 1005 2857 Rufi
1025 2817 1131 2880 poem.
1149 2817 1181 2881 p.
1200 2795 1270 2876 197,
1292 2794 1425 2858 minime

278 2904 406 2976 tamen,
435 2917 532 2980 quem
556 2894 610 2958 hic
634 2896 766 2982 quidem
787 2894 891 2961 voluit
912 2895 1037 2961 frustra
1057 2918 1240 2984 provocans
1267 2895 1310 2960 ad
1336 2896 1425 2960 Fest.
1455 2903 1461 2912 ”

278 3021 311 3084 p.
326 2996 390 3062 339
405 3020 438 3062 v.
455 2995 680 3082 sepulchrum,
696 2996 810 3062 Aelius
827 2995 943 3062 Gallus
959 2996 1197 3082 intellegendus
1213 2998 1312 3062 foret:
1330 3019 1426 3083 quem
1548 3085 1551 3088 Ι

279 3121 440 3186 nusquam
456 3099 603 3164 invenies
619 3097 890 3186 etymologiarum
911 3108 1088 3166 auctorem.
1117 3099 1245 3172 ,Verum
1259 3098 1341 3164 haec
1356 3121 1425 3165 cor·

279 3201 380 3266 rectio
401 3200 635 3287 probabilitate
654 3201 710 3267 vel
728 3201 805 3267 hinc
826 3223 960 3287 prorsus
982 3211 1073 3266 caret
1093 3201 1181 3288 quod
1203 3201 1285 3266 duas
1306 3202 1341 3274 in
1362 3201 1424 3267 hac

280 3296 443 3369 sententia
457 3313 578 3368 temere
601 3303 756 3369 conflatas
779 3326 851 3368 esse
873 3303 1107 3390 explicationes
1128 3304 1236 3391 quivis
1259 3304 1368 3388 videti
1388 3313 1425 3368 ut

280 3407 461 3472 sententiae
482 3415 571 3471 certe
591 3405 706 3470 melius
728 3406 928 3470 consuluerit
948 3405 1138 3471 Vaassenus
1159 3405 1362 3472 Animadvv.
1382 3405 1426 3470 ad

228 3586 232 3590 .
279 3508 354 3581 fast.
376 3531 409 3596 p.
431 3507 494 3573 223
515 3506 688 3574 scribendo
709 3511 921 3588 ‘sepulchrum'
938 3513 975 3572 uh
996 3514 1066 3572 adu.
1088 3529 1218 3573 seorsum
1238 3519 1267 3572 cl
1280 3515 1424 3588 pulcrum

280 3618 359 3676 alius
373 3621 501 3675 tractum
517 3615 602 3690 dicit,
617 3617 732 3686 ullus,
753 3615 834 3688 quod
847 3616 879 3674 m
893 3616 949 3676 hoc
964 3633 994 3675 n.
1017 3633 1045 3676 e.
1062 3634 1092 3697 q.
1110 3617 1151 3675 s.'
1182 3609 1287 3696 Atqui
1302 3619 1334 3675 et
1348 3611 1425 3674 huic

267 3724 312 3778 et
330 3712 396 3777 illis
416 3711 480 3777 hoc
501 3712 628 3796 obstat,
642 3712 738 3800 -quod
759 3721 864 3778 totum
884 3711 948 3779 hoc
969 3713 1175 3778 enuntiatum
1201 3712 1267 3776 iam
1290 3713 1371 3777 satis
1393 3721 1426 3776 et

279 3826 413 3902 propter
426 3815 645 3900 importunam
666 3815 894 3900 repetitionem
914 3825 948 3880 et
967 3824 1103 3901 propter
1126 3813 1261 3878 alterius
1282 3812 1424 3899 explica-

277 3918 378 3984 tionis
393 3915 612 3982 insulsitatem
632 3926 819 4004 suspectum
839 3939 881 3981 ne
902 3940 923 3981 a
943 3915 1246 4002 codicumquidem
1267 3916 1426 3980 memoria

281 4019 379 4084 fidem
393 4017 493 4084 ullam
508 4019 631 4086 habere
651 4019 776 4084 dudum
797 4025 1001 4106 compertum
1022 4027 1072 4084 est
1094 4056 1130 4066 -
1153 4040 1218 4104 qua
1240 4040 1275 4082 re
1295 4016 1424 4081 mireris

280 4119 447 4208 Ungernm
461 4145 527 4209 non
543 4144 613 4186 esse
626 4121 819 4187 deterritum
829 4145 885 4186 -ε
903 4121 992 4208 quod
1007 4120 1085 4207 quin
1100 4121 1134 4185 in
1150 4142 1188 4185 eo
1204 4120 1315 4185 codice
1327 4141 1424 4205 quem

281 4223 454 4289 Pntschius
469 4225 501 4288 h.
513 4223 536 4289 l.
552 4234 681 4290 secutus
697 4232 748 4288 est
762 4225 804 4290 ab
819 4223 1054 4311 interpolatore
1070 4223 1151 4288 satis
1167 4219 1353 4308 neglegenti
1368 4221 1423 4285 ad·

283 4325 386 4391 ditum
400 4326 502 4392 fuerit
517 4326 663 4392 dubitari
678 4327 744 4390 ism
759 4327 889 4412 nequit,
906 4349 980 4391 cum
994 4326 1064 4390 fere
1078 4324 1166 4390 idem
1186 4323 1350 4409 glossema
1364 4323 1423 4386 mi-

282 4447 341 4492 nus
355 4429 523 4494 turbatum
538 4452 581 4494 ex
594 4429 772 4514 Excerptis
793 4428 864 4494 cod.
882 4429 988 4493 Paris.
1006 4426 1090 4492 7530
1104 4425 1232 4492 Keilius
1251 4425 1425 4514 protulerit

283 4531 380 4596 ‘ollis
389 4538 494 4612 placet
512 4519 701 4612 sepulchrum
721 4537 902 4610 conpositum
923 4551 944 4593 o
958 4536 1045 4594 semls
1058 4540 1087 4594 el
1095 4534 1238 4609 pulchro,
1260 4534 1332 4606 qula
1350 4535 1424 4607 pul-

283 4634 384 4697 chrum
398 4641 556 4714 superficie
574 4641 653 4719 lutus
670 4637 781 4698 ossibus
799 4640 944 4712 plenum'
975 4621 1095 4719 Neque
1112 4631 1198 4718 enim
1215 4669 1252 4678 -
1270 4651 1354 4718 quae
1375 4629 1423 4694 vi-

284 4734 377 4800 detur
396 4736 498 4801 Keilii
518 4736 680 4800 sententia
700 4758 771 4800 esse
789 4774 824 4783 -
842 4735 904 4802 hoc
924 4737 1032 4820 ipsum
1053 4733 1314 4799 additamentum
1336 4753 1423 4796 rece-

333 4845 452 4900 Schoell,
473 4848 538 4900 Legis
552 4847 593 4888 Xll
606 4849 651 4890 tab.
666 4845 728 4898 reliq.
857 4881 860 4884 ,
993 4911 995 4916 Ι
1136 4889 1139 4897 ⁴
1201 4837 1221 4901 3
