3709 5634
434 622 476 685 38
520 636 596 707 CAi'.
621 635 658 683 11.
694 635 741 682 DE
764 633 960 683 vnrnnlnvs
983 635 1033 682 ΧΠ
1058 633 1270 682 TABVLARVM
1292 633 1587 684 INTERPRETIBVS·

435 811 511 854 eum
531 787 675 874 appellet
694 787 1081 853 ‘litteratissimum'
1098 797 1131 853 et
1146 787 1209 854 alio
1231 787 1304 854 loco
1322 788 1435 870 (Brut.
1451 787 1474 853 l.
1491 789 1536 874 l.)
1555 797 1591 853 et

434 894 544 979 ipsum
568 900 601 954 et
621 890 794 954 Decimum
814 889 951 956 fratrem
973 899 1128 954 nontam
1150 890 1184 952 in
1211 888 1349 955 dicendo
1371 887 1590 955 admirabiles

435 1016 535 1081 quam
557 993 669 1056 doctos
691 1001 724 1056 et
746 991 883 1056 Graecis
904 991 1022 1056 litteris
1046 1002 1078 1057 et
1092 992 1233 1056 Latinis.
1269 991 1312 1056 cf.
1330 991 1369 1056 Ο.
1386 993 1526 1057 Iahnius
1544 993 1591 1058 ad

435 1096 469 1160 h.
484 1094 507 1158 l.
537 1085 633 1158 Alius
649 1093 851 1179 inpromptu
866 1095 916 1159 est
930 1093 1130 1158 L.Valcrius
1146 1092 1246 1158 IOtus
1259 1093 1425 1159 Ciceronis
1442 1093 1591 1158 familia-

435 1197 480 1261 ris
499 1194 556 1280 (ad
571 1195 650 1258 fam.
666 1194 721 1258 III
740 1196 755 1258 1
776 1195 875 1280 extr.)
885 1243 894 1277 ,
911 1195 1065 1282 adquam
1087 1195 1165 1262 data
1181 1205 1231 1260 est
1252 1196 1395 1282 epistula
1414 1195 1494 1260 libri
1510 1195 1529 1259 Ι
1546 1195 1592 1260 ad

434 1299 514 1363 fam.
541 1296 656 1361 ultima
675 1297 763 1363 satis
789 1296 847 1361 illa
871 1297 990 1363 festive
1018 1300 1141 1384 scripta
1164 1337 1207 1348 —
1228 1297 1346 1386 quibus
1367 1306 1480 1362 tamen
1507 1297 1592 1362 loeis

436 1399 617 1486 significari
636 1398 769 1464 videtur
791 1421 907 1484 parum
932 1421 1006 1463 eum
1026 1399 1207 1485 profecisse
1227 1401 1261 1463 in
1281 1399 1362 1464 iuris
1384 1400 1508 1485 peritia
1530 1423 1589 1464 -ε

435 1504 527 1568 cuius
544 1501 634 1588 quod
649 1516 709 1586 per
723 1501 831 1565 iocum
847 1523 897 1586 ep.
912 1501 982 1565 VH
999 1503 1036 1564 11
1054 1523 1128 1566 cum
1139 1501 1272 1567 Laberii
1287 1500 1435 1586 iungitur
1450 1501 1591 1584 mentio,

434 1614 582 1686 nonest,
604 1625 663 1668 cur
681 1602 760 1666 inde
776 1624 850 1667 eum
865 1601 918 1668 vel
935 1601 1160 1667 Atellanarum
1181 1603 1234 1667 vel
1256 1603 1429 1667 mimorum
1451 1604 1592 1690 scripto-

435 1729 504 1771 rem
529 1706 634 1770 fuisse
658 1714 783 1769 statuas
814 1727 886 1768 cum
912 1705 1098 1771 Ribbeckio
1124 1704 1214 1771 Com.
1243 1689 1299 1768 lat.
1326 1727 1359 1790 p.
1387 1705 1450 1770 257
1478 1726 1531 1792 sq.
1560 1713 1594 1768 et

436 1808 573 1874 Hertzio
589 1807 633 1872 ad
647 1807 751 1871 Prisc.
768 1805 786 1869 I
801 1829 834 1893 p.
849 1806 923 1870 200.
932 1805 958 1891 2)
989 1806 1082 1871 Hace
1102 1807 1204 1892 igitur
1225 1805 1403 1872 difficultas
1425 1808 1462 1871 in
1476 1805 1592 1872 medio

436 1909 654 1995 relinquenda
669 1910 739 1972 erit.

520 2011 594 2076 Iam
609 2031 687 2074 vero
702 2010 812 2074 missis
827 2011 891 2092 eis,
914 2031 995 2095 quos
1017 2009 1233 2075 confidentius
1256 2033 1356 2096 quam
1376 2010 1457 2076 fecit
1477 2010 1593 2076 exelu-

437 2112 514 2177 dere
529 2121 659 2198 poterat
674 2111 891 2195 Suringarus‚
907 2111 953 2175 M.
968 2111 1108 2193 Catone,
1125 2111 1166 2176 A.
1180 2111 1278 2178 Ofilio
1287 2159 1296 2194 ,
1314 2113 1411 2178 Ateio
1425 2113 1593 2199 Capitone

436 2223 582 2278 -certe
603 2203 718 2277 eodem
738 2213 807 2278 iure
828 2213 928 2277 etiam
943 2212 1145 2296 Varronem,
1167 2213 1331 2295 Cincium,
1355 2215 1508 2280 Sinnium
1532 2215 1593 2281 Oa-

437 2317 598 2402 pitonem‚
614 2314 768 2378 Verrium
783 2314 955 2396 Flaccum,
980 2315 1036 2400 qui
1054 2315 1108 2380 hic
1129 2314 1196 2380 illic
1218 2315 1302 2400 legis
1317 2316 1541 2383 meminerunt
1553 2317 1608 2403 ³),-

437 2418 472 2481 in
486 2416 701 2502 interpretum
720 2438 893 2480 nnmerum
907 2397 1034 2481 referas
1051 2456 1094 2466 —
1113 2425 1188 2503 post
1207 2416 1342 2502 longum
1363 2421 1525 2505 temporis
1546 2421 1593 2483 in-

436 2516 614 2585 tervallum
629 2517 741 2582 statim
756 2517 800 2581 ad
815 2517 958 2582 Gaium
974 2518 1165 2586 devehimur
1180 2518 1352 2584 Hadriano
1368 2529 1401 2584 et
1416 2522 1593 2588 'Antonino

437 2627 598 2705 regnante
611 2619 762 2683 ultimum
776 2618 859 2702 legis
875 2630 1173 2686 commentatorem.
1201 2619 1235 2685 Is
1252 2632 1363 2686 autem
1377 2645 1438 2709 pro
1455 2622 1595 2689 diversa

438 2744 517 2787 suae
532 2722 651 2786 aetatis
666 2719 776 2786 indole
791 2721 880 2786 viam
895 2721 938 2786 ab
953 2721 1025 2785 istis
1037 2723 1259 2806 grammaticis
1272 2723 1432 2788 munitam
1444 2724 1595 2790 deseruit

439 2863 477 2872 -
493 2822 529 2888 id
544 2822 633 2909 quod
648 2845 690 2886 ex
705 2824 798 2909 p'arte
812 2822 880 2886 iam
896 2823 1059 2887 Antistius
1075 2823 1186 2889 Labeo
1204 2823 1283 2889 fecit
1298 2863 1339 2873 -
1355 2836 1455 2912 atque
1477 2849 1593 2914 quam-

437 2948 537 3013 quam
553 2924 691 3010 abipsis
707 2925 800 2989 urbis
816 2924 918 2988 initiis
936 2947 1085 3010 egressus
1102 2934 1151 2990 est
1162 2923 1200 3008 4),
1217 2927 1377 2992 tamenin
1392 2927 1592 3015 intorpreta-

438 3030 525 3092 tione
542 3038 647 3092 certos
670 3025 864 3111 disciplinae
885 3048 964 3090 suae
985 3027 1066 3090 fines
1088 3049 1154 3092 non
1174 3029 1331 3094 excessit:
1356 3031 1502 3117 quinon
1526 3039 1594 3094 tam

437 3129 544 3214 legem
559 3127 689 3211 exlege
704 3127 870 3212 explicare
891 3129 1035 3213 suscepit
1055 3150 1152 3212 quam
1175 3151 1214 3194 ea
1229 3132 1325 3216 quasi
1339 3130 1493 3198 vehiculo
1509 3155 1593 3198 usus

402 3300 404 3303 ,
439 3240 490 3296 est
505 3229 549 3294 ad
563 3229 752 3293 interiorem
772 3229 854 3292 iuris
875 3227 1074 3312 doctrinam,
1096 3229 1200 3315 qualis
1222 3241 1369 3320 tempore
1390 3233 1594 3319 procedente

440 3503 509 3554 quor
526 3502 608 3552 quam
632 3486 744 3550 quinam
767 3484 933 3554 probaturus
956 3485 993 3534 sit
1014 3501 1123 3536 versum
1142 3487 1167 3536 X
1185 3489 1218 3538 70
1241 3503 1275 3538 ex
1292 3489 1401 3541 Valerii
1423 3492 1523 3542 satiris
1546 3493 1593 3543 dc·

439 3577 577 3638 sumptum
596 3584 666 3620 esse.
690 3569 749 3619 Nec
763 3570 833 3619 satis
851 3573 916 3634 apte
935 3570 984 3620 sub
996 3569 1141 3636 ‘Vallegii’
1160 3586 1287 3636 persona,
1302 3575 1380 3626 cuius
1398 3591 1433 3628 ex
1452 3578 1593 3629 ‘actione'

439 3671 538 3708 versus
557 3656 590 3705 ds
609 3639 742 3704 Terentio
760 3655 898 3704 notissimi
920 3656 950 3704 in
967 3656 1071 3705 Donati
1089 3655 1278 3708 additamento
1303 3659 1444 3710 advitam
1463 3661 1594 3713 Terentii

441 3733 641 3792 Suetonianam
660 3740 784 3789 citantur
802 3739 965 3790 ‘Valerium’
985 3754 1099 3804 sumque
1119 3739 1252 3791 Soranum
1270 3741 1379 3806 Keilius
1404 3747 1547 3810 quaesivit
1564 3748 1593 3797 in

442 3826 592 3891 Ephemer.
616 3824 672 3874 litt.
691 3823 759 3874 Hal.
778 3825 844 3874 1849
866 3824 976 3888 114701
1000 3838 1052 3888 quo
1075 3823 1108 3874 de
1132 3825 1168 3878 cf.
1186 3825 1356 3878 Ritschelius
1378 3829 1407 3878 iu
1432 3845 1531 3886 comm.
1558 3832 1593 3882 ad

338 3895 342 3899 ⁵
382 3916 385 3922 '
440 3913 492 3963 vit.
506 3911 618 3961 Terent.
632 3925 658 3974 p.
666 3910 716 3960 530
729 3907 769 3958 ed.
782 3907 864 3959 Reiff.
888 3907 993 3958 Valerii
1005 3908 1102 3958 Sorani
1114 3907 1199 3960 libros
1211 3908 1376 3964 ἑποπτίδων
1389 3915 1499 3966 Plinius
1514 3917 1594 3968 novit

440 3997 473 4048 N.
492 3996 529 4046 Η.
548 3994 637 4060 praef.
658 3998 741 4046 extr:
761 4009 796 4044 ex
815 3992 912 4057 quibus
929 3991 1023 4042 hausti
1041 3992 1167 4043 videntur
1184 4009 1280 4046 versus
1303 3997 1337 4048 de
1355 4000 1422 4052 Iove
1443 4002 1517 4068 apud
1537 4003 1592 4052 Au-

441 4080 582 4147 gustinum
601 4078 631 4130 Ο.
652 4078 761 4148 nvn
778 4079 794 4127 9
814 4074 854 4140 (et
871 4076 1008 4142 Mythogr.
1027 4077 1092 4128 Vat.
1111 4094 1137 4142 p.
1158 4079 1207 4135 152
1224 4080 1311 4146 Bode)
1330 4087 1445 4136 servati.

507 4163 529 4229 ²)
548 4165 642 4215 Verba
661 4165 740 4213 ‘miro
758 4163 822 4212 enim
836 4177 953 4222 persono
970 4163 1055 4212 induci
1074 4169 1162 4226 potest
1180 4164 1327 4217 Britannici
1344 4169 1419 4220 lou’
1440 4171 1475 4221 ad
1499 4171 1592 4223 lusum

439 4253 515 4301 inter
532 4248 686 4298 familiares
710 4246 868 4298 faciendum
891 4260 979 4310 aeque
1004 4246 1074 4296 bene
1099 4252 1226 4312 spectare
1251 4258 1374 4316 possunt.
1411 4255 1455 4306 De
1474 4257 1591 4308 Valerio

442 4332 583 4385 Catullo
601 4338 684 4399 poeta
701 4333 774 4382 male
792 4332 863 4381 haee
881 4335 1051 4395 acceperunt
1069 4335 1096 4381 et
1114 4331 1164 4381 alii
1182 4337 1210 4383 et
1227 4336 1249 4386 I.
1271 4335 1302 4386 G.
1323 4337 1485 4390 Huschkius
1504 4341 1540 4391 de
1559 4339 1590 4390 C.

440 4419 530 4470 Annio
549 4417 659 4468 Cimbro
678 4435 704 4482 p.
724 4419 756 4467 27
775 4432 802 4469 n.

509 4503 530 4566 ³)
551 4504 587 4554 ci.
606 4504 707 4552 Festus
727 4519 751 4566 p.
772 4502 820 4552 158
839 4501 972 4563 Murmta,
992 4516 1018 4564 p.
1040 4501 1088 4550 162
1106 4516 1171 4566 nec,
1190 4519 1217 4568 p.
1237 4503 1285 4556 173
1303 4513 1480 4576 nuncupata,
1499 4527 1526 4576 p.
1540 4513 1589 4563 321

440 4591 568 4648 sanateS,
588 4603 615 4651 p.
633 4589 682 4637 363
700 4586 823 4638 talionis.

507 4670 529 4736 ⁴)
550 4671 586 4724 cf.
602 4671 741 4737 praefatio
758 4671 787 4720 in
805 4671 869 4734 Dig.
890 4671 913 4731 l,
932 4671 956 4728 ⁴2,
977 4670 1000 4717 1.
