<?xml version="1.0" encoding="UTF-8"?>
<!DOCTYPE html PUBLIC "-//W3C//DTD XHTML 1.0 Transitional//EN"
    "http://www.w3.org/TR/xhtml1/DTD/xhtml1-transitional.dtd">
<html xmlns="http://www.w3.org/1999/xhtml" xml:lang="en" lang="en">
 <head>
  <title>
</title>
<meta http-equiv="Content-Type" content="text/html;charset=utf-8" />
  <meta name='ocr-system' content='tesseract 3.04.00' />
  <meta name='ocr-capabilities' content='ocr_page ocr_carea ocr_par ocr_line ocrx_word'/>
</head>
<body>
  <div class='ocr_page' id='page_1' title='image "./legisdvodecimta00schgoog_0106.png"; bbox 0 0 3709 5634; ppageno 0'>
   <div class='ocr_carea' id='block_1_1' title="bbox 428 638 1163 732">
    <p class='ocr_par' dir='ltr' id='par_1_1' title="bbox 428 638 1163 732">
     <span class='ocr_line' id='line_1_1' title="bbox 428 638 1163 732; baseline -0.004 -9"><span class='ocrx_word' id='word_1_1' title='bbox 428 638 474 723; x_wconf 73' lang='lat'><strong>&#39;88</strong></span> <span class='ocrx_word' id='word_1_2' title='bbox 851 672 964 721; x_wconf 75' lang='lat' dir='ltr'><strong>cnrvr</strong></span> <span class='ocrx_word' id='word_1_3' title='bbox 987 670 1163 732; x_wconf 77' lang='lat' dir='ltr'><strong>ovsnrvu.</strong></span> 
     </span>
    </p>
   </div>
   <div class='ocr_carea' id='block_1_2' title="bbox 434 826 1626 2452">
    <p class='ocr_par' dir='ltr' id='par_1_2' title="bbox 434 826 1626 2452">
     <span class='ocr_line' id='line_1_2' title="bbox 434 826 1579 918; baseline -0.003 -22"><span class='ocrx_word' id='word_1_4' title='bbox 434 854 467 918; x_wconf 90' lang='lat' dir='ltr'><strong>p.</strong></span> <span class='ocrx_word' id='word_1_5' title='bbox 482 830 545 896; x_wconf 82' lang='lat'><strong>452</strong></span> <span class='ocrx_word' id='word_1_6' title='bbox 561 834 645 896; x_wconf 72' lang='lat' dir='ltr'><strong>‘dice</strong></span> <span class='ocrx_word' id='word_1_7' title='bbox 660 833 786 894; x_wconf 81' lang='lat' dir='ltr'><strong>dicam’:</strong></span> <span class='ocrx_word' id='word_1_8' title='bbox 807 828 929 894; x_wconf 87' lang='lat' dir='ltr'><strong>rationi</strong></span> <span class='ocrx_word' id='word_1_9' title='bbox 950 827 1147 893; x_wconf 87' lang='lat' dir='ltr'><strong>conveniens</strong></span> <span class='ocrx_word' id='word_1_10' title='bbox 1169 837 1220 893; x_wconf 85' lang='lat' dir='ltr'><strong>est</strong></span> <span class='ocrx_word' id='word_1_11' title='bbox 1240 826 1327 892; x_wconf 90' lang='lat' dir='ltr'><strong>hunc</strong></span> <span class='ocrx_word' id='word_1_12' title='bbox 1347 848 1445 891; x_wconf 88' lang='lat' dir='ltr'><strong>usum</strong></span> <span class='ocrx_word' id='word_1_13' title='bbox 1465 827 1502 891; x_wconf 92' lang='lat' dir='ltr'><strong>in</strong></span> <span class='ocrx_word' id='word_1_14' title='bbox 1521 826 1579 892; x_wconf 85' lang='lat' dir='ltr'><strong>fu·</strong></span> 
     </span>
     <span class='ocr_line' id='line_1_3' title="bbox 435 928 1579 1017; baseline -0.004 -19"><span class='ocrx_word' id='word_1_15' title='bbox 435 943 524 998; x_wconf 84' lang='lat' dir='ltr'><strong>turc</strong></span> <span class='ocrx_word' id='word_1_16' title='bbox 540 932 738 999; x_wconf 80' lang='lat' dir='ltr'><strong>substitisse.</strong></span> <span class='ocrx_word' id='word_1_17' title='bbox 756 969 798 979; x_wconf 89' lang='lat'><em>-</em></span> <span class='ocrx_word' id='word_1_18' title='bbox 813 931 923 1017; x_wconf 82' lang='lat' dir='ltr'><strong>Atque</strong></span> <span class='ocrx_word' id='word_1_19' title='bbox 938 930 1015 995; x_wconf 91' lang='lat' dir='ltr'><strong>hinc</strong></span> <span class='ocrx_word' id='word_1_20' title='bbox 1035 930 1179 1017; x_wconf 88' lang='lat' dir='ltr'><strong>quidem,</strong></span> <span class='ocrx_word' id='word_1_21' title='bbox 1196 951 1270 995; x_wconf 87' lang='lat' dir='ltr'><strong>cum</strong></span> <span class='ocrx_word' id='word_1_22' title='bbox 1289 930 1356 995; x_wconf 85' lang='lat' dir='ltr'><strong>iarn</strong></span> <span class='ocrx_word' id='word_1_23' title='bbox 1372 928 1443 996; x_wconf 90' lang='lat' dir='ltr'><strong>sola</strong></span> <span class='ocrx_word' id='word_1_24' title='bbox 1457 929 1579 995; x_wconf 88' lang='lat' dir='ltr'><strong>vocalis</strong></span> 
     </span>
     <span class='ocr_line' id='line_1_4' title="bbox 436 1018 1626 1121; baseline -0.004 -21"><span class='ocrx_word' id='word_1_25' title='bbox 436 1055 589 1101; x_wconf 88' lang='lat' dir='ltr'><strong>mensura</strong></span> <span class='ocrx_word' id='word_1_26' title='bbox 605 1033 757 1099; x_wconf 88' lang='lat' dir='ltr'><strong>differant</strong></span> <span class='ocrx_word' id='word_1_27' title='bbox 771 1034 955 1121; x_wconf 88' lang='lat' dir='ltr'><strong>praesentis</strong></span> <span class='ocrx_word' id='word_1_28' title='bbox 977 1042 1009 1097; x_wconf 88' lang='lat' dir='ltr'><strong>et</strong></span> <span class='ocrx_word' id='word_1_29' title='bbox 1030 1018 1167 1119; x_wconf 81' lang='lat' dir='ltr'><strong>perfecti</strong></span> <span class='ocrx_word' id='word_1_30' title='bbox 1187 1033 1428 1114; x_wconf 69' lang='lat' dir='ltr'><strong>coniunctium,</strong></span> <span class='ocrx_word' id='word_1_31' title='bbox 1451 1041 1527 1119; x_wconf 85' lang='lat' dir='ltr'><strong>apte</strong></span> <span class='ocrx_word' id='word_1_32' title='bbox 1547 1031 1581 1095; x_wconf 93' lang='lat' dir='ltr'><strong>id</strong></span> <span class='ocrx_word' id='word_1_33' title='bbox 1622 1115 1626 1121; x_wconf 20' lang='grc' dir='ltr'><strong><em>ι</em></strong></span> 
     </span>
     <span class='ocr_line' id='line_1_5' title="bbox 437 1134 1625 1223; baseline -0.003 -20"><span class='ocrx_word' id='word_1_34' title='bbox 437 1136 535 1203; x_wconf 88' lang='lat' dir='ltr'><strong>simul</strong></span> <span class='ocrx_word' id='word_1_35' title='bbox 552 1137 736 1223; x_wconf 82' lang='lat' dir='ltr'><strong>explicatur</strong></span> <span class='ocrx_word' id='word_1_36' title='bbox 758 1136 814 1223; x_wconf 91' lang='lat' dir='ltr'><strong>qui</strong></span> <span class='ocrx_word' id='word_1_37' title='bbox 830 1136 903 1217; x_wconf 80' lang='lat' dir='ltr'><strong>fiat,</strong></span> <span class='ocrx_word' id='word_1_38' title='bbox 925 1145 962 1199; x_wconf 89' lang='lat' dir='ltr'><strong>ut</strong></span> <span class='ocrx_word' id='word_1_39' title='bbox 983 1134 1107 1203; x_wconf 88' lang='lat' dir='ltr'><strong>vocalis</strong></span> <span class='ocrx_word' id='word_1_40' title='bbox 1126 1135 1161 1197; x_wconf 94' lang='lat' dir='ltr'><strong>in</strong></span> <span class='ocrx_word' id='word_1_41' title='bbox 1181 1134 1291 1200; x_wconf 87' lang='lat' dir='ltr'><strong>futuro</strong></span> <span class='ocrx_word' id='word_1_42' title='bbox 1313 1135 1460 1222; x_wconf 87' lang='lat' dir='ltr'><strong>perfecto</strong></span> <span class='ocrx_word' id='word_1_43' title='bbox 1481 1135 1581 1220; x_wconf 88' lang='lat' dir='ltr'><strong>gemi-</strong></span> <span class='ocrx_word' id='word_1_44' title='bbox 1622 1153 1625 1159; x_wconf 88' lang='lat'>·</span> 
     </span>
     <span class='ocr_line' id='line_1_6' title="bbox 436 1236 1441 1324; baseline -0.003 -19"><span class='ocrx_word' id='word_1_45' title='bbox 436 1240 560 1305; x_wconf 88' lang='lat' dir='ltr'><strong>natica</strong></span> <span class='ocrx_word' id='word_1_46' title='bbox 574 1239 797 1324; x_wconf 81' lang='lat' dir='ltr'><strong>grammaticis</strong></span> <span class='ocrx_word' id='word_1_47' title='bbox 812 1246 905 1303; x_wconf 86' lang='lat' dir='ltr'><strong>tanta</strong></span> <span class='ocrx_word' id='word_1_48' title='bbox 920 1260 994 1303; x_wconf 91' lang='lat' dir='ltr'><strong>cum</strong></span> <span class='ocrx_word' id='word_1_49' title='bbox 1010 1236 1183 1322; x_wconf 88' lang='lat' dir='ltr'><strong>diligentia</strong></span> <span class='ocrx_word' id='word_1_50' title='bbox 1196 1239 1373 1304; x_wconf 85' lang='lat' dir='ltr'><strong>observata</strong></span> <span class='ocrx_word' id='word_1_51' title='bbox 1388 1239 1441 1302; x_wconf 88' lang='lat' dir='ltr'><strong>sit.</strong></span> 
     </span>
     <span class='ocr_line' id='line_1_7' title="bbox 523 1342 1581 1427; baseline -0.002 -22"><span class='ocrx_word' id='word_1_52' title='bbox 523 1347 713 1408; x_wconf 75' lang='lat' dir='ltr'><strong>‘Arduuitur&#39;</strong></span> <span class='ocrx_word' id='word_1_53' title='bbox 728 1342 830 1427; x_wconf 90' lang='lat' dir='ltr'><strong>igitur</strong></span> <span class='ocrx_word' id='word_1_54' title='bbox 844 1342 910 1405; x_wconf 93' lang='lat' dir='ltr'><strong>iam</strong></span> <span class='ocrx_word' id='word_1_55' title='bbox 927 1362 1120 1427; x_wconf 88' lang='lat' dir='ltr'><strong>persuasum</strong></span> <span class='ocrx_word' id='word_1_56' title='bbox 1136 1349 1187 1405; x_wconf 87' lang='lat' dir='ltr'><strong>est</strong></span> <span class='ocrx_word' id='word_1_57' title='bbox 1201 1342 1382 1407; x_wconf 91' lang='lat' dir='ltr'><strong>futurum</strong></span> <span class='ocrx_word' id='word_1_58' title='bbox 1398 1349 1581 1406; x_wconf 80' lang='lat' dir='ltr'><strong>exactum</strong></span> 
     </span>
     <span class='ocr_line' id='line_1_8' title="bbox 438 1442 1581 1532; baseline -0.003 -22"><span class='ocrx_word' id='word_1_59' title='bbox 438 1444 594 1532; x_wconf 89' lang='lat' dir='ltr'><strong>passivi</strong></span> <span class='ocrx_word' id='word_1_60' title='bbox 610 1466 682 1510; x_wconf 88' lang='lat' dir='ltr'><strong>esse</strong></span> <span class='ocrx_word' id='word_1_61' title='bbox 697 1454 794 1531; x_wconf 86' lang='lat' dir='ltr'><strong>atque</strong></span> <span class='ocrx_word' id='word_1_62' title='bbox 809 1444 892 1508; x_wconf 92' lang='lat' dir='ltr'><strong>raris</strong></span> <span class='ocrx_word' id='word_1_63' title='bbox 908 1442 975 1506; x_wconf 92' lang='lat' dir='ltr'><strong>illis</strong></span> <span class='ocrx_word' id='word_1_64' title='bbox 991 1452 1024 1508; x_wconf 87' lang='lat' dir='ltr'><strong>et</strong></span> <span class='ocrx_word' id='word_1_65' title='bbox 1038 1443 1270 1509; x_wconf 85' lang='lat' dir='ltr'><strong>vetustissimis</strong></span> <span class='ocrx_word' id='word_1_66' title='bbox 1287 1444 1407 1509; x_wconf 89' lang='lat' dir='ltr'><strong>futuris</strong></span> <span class='ocrx_word' id='word_1_67' title='bbox 1429 1442 1581 1508; x_wconf 81' lang='lat' dir='ltr'><strong>adnume</strong></span> 
     </span>
     <span class='ocr_line' id='line_1_9' title="bbox 438 1544 1581 1634; baseline -0.001 -24"><span class='ocrx_word' id='word_1_68' title='bbox 438 1546 593 1629; x_wconf 87' lang='lat' dir='ltr'><strong>randum,</strong></span> <span class='ocrx_word' id='word_1_69' title='bbox 610 1547 728 1634; x_wconf 90' lang='lat' dir='ltr'><strong>quibus</strong></span> <span class='ocrx_word' id='word_1_70' title='bbox 744 1547 778 1611; x_wconf 93' lang='lat' dir='ltr'><strong>in</strong></span> <span class='ocrx_word' id='word_1_71' title='bbox 794 1547 964 1633; x_wconf 87' lang='lat' dir='ltr'><strong>passivam</strong></span> <span class='ocrx_word' id='word_1_72' title='bbox 983 1545 1123 1609; x_wconf 89' lang='lat' dir='ltr'><strong>formam</strong></span> <span class='ocrx_word' id='word_1_73' title='bbox 1143 1567 1186 1609; x_wconf 87' lang='lat' dir='ltr'><strong>ex</strong></span> <span class='ocrx_word' id='word_1_74' title='bbox 1201 1546 1312 1611; x_wconf 87' lang='lat' dir='ltr'><strong>activa</strong></span> <span class='ocrx_word' id='word_1_75' title='bbox 1332 1544 1504 1610; x_wconf 88' lang='lat' dir='ltr'><strong>translatis</strong></span> <span class='ocrx_word' id='word_1_76' title='bbox 1520 1555 1581 1610; x_wconf 91' lang='lat' dir='ltr'><strong>ter·</strong></span> 
     </span>
     <span class='ocr_line' id='line_1_10' title="bbox 437 1647 1582 1735; baseline 0 -22"><span class='ocrx_word' id='word_1_77' title='bbox 437 1649 574 1713; x_wconf 88' lang='lat' dir='ltr'><strong>minatio</strong></span> <span class='ocrx_word' id='word_1_78' title='bbox 590 1649 724 1735; x_wconf 88' lang='lat' dir='ltr'><strong>passivo</strong></span> <span class='ocrx_word' id='word_1_79' title='bbox 746 1649 879 1735; x_wconf 90' lang='lat' dir='ltr'><strong>propria</strong></span> <span class='ocrx_word' id='word_1_80' title='bbox 901 1647 1064 1729; x_wconf 83' lang='lat' dir='ltr'><strong>adhaesit,</strong></span> <span class='ocrx_word' id='word_1_81' title='bbox 1086 1649 1178 1712; x_wconf 85' lang='lat' dir='ltr'><strong>cuius</strong></span> <span class='ocrx_word' id='word_1_82' title='bbox 1199 1650 1233 1712; x_wconf 91' lang='lat' dir='ltr'><strong>in</strong></span> <span class='ocrx_word' id='word_1_83' title='bbox 1252 1647 1362 1714; x_wconf 90' lang='lat' dir='ltr'><strong>locum</strong></span> <span class='ocrx_word' id='word_1_84' title='bbox 1382 1656 1499 1735; x_wconf 85' lang='lat' dir='ltr'><strong>postea</strong></span> <span class='ocrx_word' id='word_1_85' title='bbox 1514 1670 1582 1713; x_wconf 89' lang='lat' dir='ltr'><strong>suc-</strong></span> 
     </span>
     <span class='ocr_line' id='line_1_11' title="bbox 438 1750 1582 1838; baseline -0.002 -22"><span class='ocrx_word' id='word_1_86' title='bbox 438 1752 537 1817; x_wconf 78' lang='lat' dir='ltr'><strong>cessit</strong></span> <span class='ocrx_word' id='word_1_87' title='bbox 557 1750 626 1817; x_wconf 91' lang='lat' dir='ltr'><strong>sola</strong></span> <span class='ocrx_word' id='word_1_88' title='bbox 646 1750 813 1838; x_wconf 85' lang='lat' dir='ltr'><strong>participii</strong></span> <span class='ocrx_word' id='word_1_89' title='bbox 834 1772 908 1814; x_wconf 89' lang='lat' dir='ltr'><strong>curn</strong></span> <span class='ocrx_word' id='word_1_90' title='bbox 928 1751 1031 1816; x_wconf 87' lang='lat' dir='ltr'><strong>verbo</strong></span> <span class='ocrx_word' id='word_1_91' title='bbox 1058 1751 1264 1838; x_wconf 79' lang='lat' dir='ltr'><strong>substantiyo</strong></span> <span class='ocrx_word' id='word_1_92' title='bbox 1291 1750 1496 1837; x_wconf 82' lang='lat' dir='ltr'><strong>compositio.</strong></span> <span class='ocrx_word' id='word_1_93' title='bbox 1532 1750 1582 1815; x_wconf 93' lang='lat' dir='ltr'><strong>De</strong></span> 
     </span>
     <span class='ocr_line' id='line_1_12' title="bbox 438 1851 1582 1941; baseline -0.004 -21"><span class='ocrx_word' id='word_1_94' title='bbox 438 1854 555 1941; x_wconf 91' lang='lat' dir='ltr'><strong>quibus</strong></span> <span class='ocrx_word' id='word_1_95' title='bbox 587 1854 702 1919; x_wconf 88' lang='lat' dir='ltr'><strong>formis</strong></span> <span class='ocrx_word' id='word_1_96' title='bbox 713 1856 738 1939; x_wconf 89' lang='lat'><strong>¹)</strong></span> <span class='ocrx_word' id='word_1_97' title='bbox 769 1874 884 1919; x_wconf 84' lang='lat' dir='ltr'><strong>verum</strong></span> <span class='ocrx_word' id='word_1_98' title='bbox 914 1853 1073 1918; x_wconf 87' lang='lat' dir='ltr'><strong>iudicium</strong></span> <span class='ocrx_word' id='word_1_99' title='bbox 1104 1851 1293 1937; x_wconf 84' lang='lat' dir='ltr'><strong>Madvigius</strong></span> <span class='ocrx_word' id='word_1_100' title='bbox 1321 1852 1444 1939; x_wconf 88' lang='lat' dir='ltr'><strong>Opusc.</strong></span> <span class='ocrx_word' id='word_1_101' title='bbox 1469 1852 1507 1917; x_wconf 90' lang='lat'><strong>11</strong></span> <span class='ocrx_word' id='word_1_102' title='bbox 1532 1852 1582 1934; x_wconf 85' lang='lat'><strong>81,</strong></span> 
     </span>
     <span class='ocr_line' id='line_1_13' title="bbox 438 1954 1581 2042; baseline -0.002 -21"><span class='ocrx_word' id='word_1_103' title='bbox 438 1955 570 2021; x_wconf 85' lang='lat' dir='ltr'><strong>Curtius</strong></span> <span class='ocrx_word' id='word_1_104' title='bbox 587 1954 607 2020; x_wconf 97' lang='lat' dir='ltr'><strong>l.</strong></span> <span class='ocrx_word' id='word_1_105' title='bbox 625 1955 646 2019; x_wconf 98' lang='lat' dir='ltr'><strong>l.</strong></span> <span class='ocrx_word' id='word_1_106' title='bbox 663 1955 774 2041; x_wconf 84' lang='lat' dir='ltr'><strong>p.343‚</strong></span> <span class='ocrx_word' id='word_1_107' title='bbox 792 1955 972 2019; x_wconf 83' lang='lat' dir='ltr'><strong>Oorssenus</strong></span> <span class='ocrx_word' id='word_1_108' title='bbox 989 1955 1030 2019; x_wconf 92' lang='lat' dir='ltr'><strong>de</strong></span> <span class='ocrx_word' id='word_1_109' title='bbox 1042 1956 1164 2019; x_wconf 85' lang='lat' dir='ltr'><strong>Enunt.</strong></span> <span class='ocrx_word' id='word_1_110' title='bbox 1176 1955 1212 2019; x_wconf 92' lang='lat' dir='ltr'><strong>II</strong></span> <span class='ocrx_word' id='word_1_111' title='bbox 1226 1954 1267 2020; x_wconf 90' lang='lat'><strong>38</strong></span> <span class='ocrx_word' id='word_1_112' title='bbox 1280 1978 1351 2042; x_wconf 87' lang='lat' dir='ltr'><strong>sqq.</strong></span> <span class='ocrx_word' id='word_1_113' title='bbox 1366 1954 1581 2041; x_wconf 83' lang='lat' dir='ltr'><strong>protulerunt.</strong></span> 
     </span>
     <span class='ocr_line' id='line_1_14' title="bbox 438 2056 1582 2145; baseline 0 -22"><span class='ocrx_word' id='word_1_114' title='bbox 438 2059 547 2144; x_wconf 87' lang='lat' dir='ltr'><strong>Atque</strong></span> <span class='ocrx_word' id='word_1_115' title='bbox 574 2079 616 2121; x_wconf 87' lang='lat' dir='ltr'><strong>ex</strong></span> <span class='ocrx_word' id='word_1_116' title='bbox 642 2080 679 2123; x_wconf 89' lang='lat' dir='ltr'><strong>eo</strong></span> <span class='ocrx_word' id='word_1_117' title='bbox 705 2078 840 2122; x_wconf 90' lang='lat' dir='ltr'><strong>numero</strong></span> <span class='ocrx_word' id='word_1_118' title='bbox 867 2057 1007 2123; x_wconf 91' lang='lat' dir='ltr'><strong>alterum</strong></span> <span class='ocrx_word' id='word_1_119' title='bbox 1032 2057 1096 2122; x_wconf 83' lang='lat' dir='ltr'><strong>fuit</strong></span> <span class='ocrx_word' id='word_1_120' title='bbox 1117 2059 1151 2121; x_wconf 91' lang='lat' dir='ltr'><strong>in</strong></span> <span class='ocrx_word' id='word_1_121' title='bbox 1180 2056 1251 2122; x_wconf 90' lang='lat' dir='ltr'><strong>XII</strong></span> <span class='ocrx_word' id='word_1_122' title='bbox 1277 2057 1463 2145; x_wconf 87' lang='lat' dir='ltr'><strong>exemplum</strong></span> <span class='ocrx_word' id='word_1_123' title='bbox 1484 2059 1582 2123; x_wconf 83' lang='lat' dir='ltr'><strong>Festo</strong></span> 
     </span>
     <span class='ocr_line' id='line_1_15' title="bbox 438 2155 1581 2247; baseline 0.001 -22"><span class='ocrx_word' id='word_1_124' title='bbox 438 2171 654 2227; x_wconf 86' lang='lat' dir='ltr'><strong>memoratum</strong></span> <span class='ocrx_word' id='word_1_125' title='bbox 676 2183 707 2247; x_wconf 91' lang='lat' dir='ltr'><strong>p.</strong></span> <span class='ocrx_word' id='word_1_126' title='bbox 733 2160 793 2225; x_wconf 88' lang='grc'><strong>166</strong></span> <span class='ocrx_word' id='word_1_127' title='bbox 814 2164 1010 2224; x_wconf 72' lang='lat' dir='ltr'><strong>‘ll‘ancr&#39;tor</strong></span> <span class='ocrx_word' id='word_1_128' title='bbox 1030 2168 1062 2224; x_wconf 85' lang='lat' dir='ltr'><strong>r&#39;n</strong></span> <span class='ocrx_word' id='word_1_129' title='bbox 1082 2155 1153 2223; x_wconf 88' lang='lat' dir='ltr'><strong>XII</strong></span> <span class='ocrx_word' id='word_1_130' title='bbox 1171 2170 1277 2225; x_wconf 83' lang='lat' dir='ltr'><strong>nactus</strong></span> <span class='ocrx_word' id='word_1_131' title='bbox 1296 2169 1366 2231; x_wconf 68' lang='lat' dir='ltr'><strong>erit,</strong></span> <span class='ocrx_word' id='word_1_132' title='bbox 1382 2165 1581 2241; x_wconf 77' lang='lat' dir='ltr'><strong>praenderit&#39;</strong></span> 
     </span>
     <span class='ocr_line' id='line_1_16' title="bbox 439 2261 1583 2349; baseline 0.001 -24"><span class='ocrx_word' id='word_1_133' title='bbox 439 2262 569 2347; x_wconf 83' lang='lat' dir='ltr'><strong>(praeno</strong></span> <span class='ocrx_word' id='word_1_134' title='bbox 593 2269 651 2327; x_wconf 80' lang='lat' dir='ltr'><strong>erit</strong></span> <span class='ocrx_word' id='word_1_135' title='bbox 674 2262 772 2349; x_wconf 82' lang='lat' dir='ltr'><strong>cod).</strong></span> <span class='ocrx_word' id='word_1_136' title='bbox 811 2261 886 2343; x_wconf 75' lang='lat' dir='ltr'><strong>Qua</strong></span> <span class='ocrx_word' id='word_1_137' title='bbox 915 2262 1026 2347; x_wconf 88' lang='lat' dir='ltr'><strong>glossa</strong></span> <span class='ocrx_word' id='word_1_138' title='bbox 1051 2264 1110 2329; x_wconf 84' lang='lat' dir='ltr'><strong>vix</strong></span> <span class='ocrx_word' id='word_1_139' title='bbox 1138 2262 1297 2329; x_wconf 87' lang='lat' dir='ltr'><strong>credibile</strong></span> <span class='ocrx_word' id='word_1_140' title='bbox 1326 2274 1377 2328; x_wconf 87' lang='lat' dir='ltr'><strong>est</strong></span> <span class='ocrx_word' id='word_1_141' title='bbox 1404 2263 1583 2329; x_wconf 84' lang='lat' dir='ltr'><strong>Freherum</strong></span> 
     </span>
     <span class='ocr_line' id='line_1_17' title="bbox 439 2364 1585 2452; baseline -0.001 -23"><span class='ocrx_word' id='word_1_142' title='bbox 439 2364 572 2449; x_wconf 84' lang='lat' dir='ltr'><strong>Parerg.</strong></span> <span class='ocrx_word' id='word_1_143' title='bbox 585 2364 602 2428; x_wconf 94' lang='lat' dir='ltr'>I</span> <span class='ocrx_word' id='word_1_144' title='bbox 617 2364 636 2428; x_wconf 88' lang='grc'><strong>9</strong></span> <span class='ocrx_word' id='word_1_145' title='bbox 650 2365 699 2429; x_wconf 87' lang='lat' dir='ltr'><strong>ita</strong></span> <span class='ocrx_word' id='word_1_146' title='bbox 712 2388 809 2430; x_wconf 91' lang='lat' dir='ltr'><strong>usum</strong></span> <span class='ocrx_word' id='word_1_147' title='bbox 825 2388 907 2446; x_wconf 78' lang='lat' dir='ltr'><strong>esse,</strong></span> <span class='ocrx_word' id='word_1_148' title='bbox 923 2375 961 2430; x_wconf 90' lang='lat' dir='ltr'><strong>ut</strong></span> <span class='ocrx_word' id='word_1_149' title='bbox 976 2365 1207 2452; x_wconf 80' lang='lat' dir='ltr'><strong>imperativum</strong></span> <span class='ocrx_word' id='word_1_150' title='bbox 1223 2365 1362 2451; x_wconf 89' lang='lat' dir='ltr'><strong>fingeret</strong></span> <span class='ocrx_word' id='word_1_151' title='bbox 1377 2365 1440 2431; x_wconf 88' lang='lat' dir='ltr'><strong>V5</strong></span> <span class='ocrx_word' id='word_1_152' title='bbox 1455 2372 1585 2445; x_wconf 67' lang='lat' dir='ltr'><strong>‘pentus</strong></span> 
     </span>
    </p>
   </div>
   <div class='ocr_carea' id='block_1_3' title="bbox 437 2467 1690 2656">
    <p class='ocr_par' dir='ltr' id='par_1_3' title="bbox 437 2467 1690 2656">
     <span class='ocr_line' id='line_1_18' title="bbox 437 2467 1690 2543; baseline 0.006 -14"><span class='ocrx_word' id='word_1_153' title='bbox 437 2470 591 2543; x_wconf 81' lang='lat' dir='ltr'><strong>familiam</strong></span> <span class='ocrx_word' id='word_1_154' title='bbox 606 2476 817 2532; x_wconf 75' lang='lat' dir='ltr'><strong>nancitor’:</strong></span> <span class='ocrx_word' id='word_1_155' title='bbox 832 2467 1058 2533; x_wconf 87' lang='lat' dir='ltr'><strong>incredibilius</strong></span> <span class='ocrx_word' id='word_1_156' title='bbox 1075 2469 1175 2532; x_wconf 90' lang='lat' dir='ltr'><strong>etiam</strong></span> <span class='ocrx_word' id='word_1_157' title='bbox 1189 2468 1328 2532; x_wconf 90' lang='lat' dir='ltr'><strong>eundem</strong></span> <span class='ocrx_word' id='word_1_158' title='bbox 1344 2469 1407 2533; x_wconf 90' lang='lat' dir='ltr'><strong>hoc</strong></span> <span class='ocrx_word' id='word_1_159' title='bbox 1422 2488 1583 2535; x_wconf 84' lang='lat' dir='ltr'><strong>commen·</strong></span> <span class='ocrx_word' id='word_1_160' title='bbox 1689 2527 1690 2536; x_wconf 73' lang='grc'>,</span> 
     </span>
     <span class='ocr_line' id='line_1_19' title="bbox 440 2569 1690 2656; baseline 0.002 -23"><span class='ocrx_word' id='word_1_161' title='bbox 440 2578 511 2634; x_wconf 90' lang='lat' dir='ltr'><strong>tum</strong></span> <span class='ocrx_word' id='word_1_162' title='bbox 535 2570 740 2655; x_wconf 89' lang='lat' dir='ltr'><strong>persuasisse</strong></span> <span class='ocrx_word' id='word_1_163' title='bbox 762 2569 967 2635; x_wconf 80' lang='lat' dir='ltr'><strong>Gothofredo</strong></span> <span class='ocrx_word' id='word_1_164' title='bbox 993 2579 1025 2634; x_wconf 88' lang='lat' dir='ltr'><strong>et</strong></span> <span class='ocrx_word' id='word_1_165' title='bbox 1046 2570 1261 2656; x_wconf 75' lang='lat' dir='ltr'><strong>Dirksenm2)</strong></span> <span class='ocrx_word' id='word_1_166' title='bbox 1288 2608 1331 2620; x_wconf 92' lang='lat'><em>-</em></span> <span class='ocrx_word' id='word_1_167' title='bbox 1356 2572 1403 2635; x_wconf 86' lang='lat' dir='ltr'><strong>At</strong></span> <span class='ocrx_word' id='word_1_168' title='bbox 1428 2592 1489 2637; x_wconf 88' lang='lat' dir='ltr'><strong>sno</strong></span> <span class='ocrx_word' id='word_1_169' title='bbox 1514 2572 1584 2636; x_wconf 89' lang='lat' dir='ltr'><strong>iure</strong></span> <span class='ocrx_word' id='word_1_170' title='bbox 1689 2585 1690 2588; x_wconf 75' lang='grc'>’</span> 
     </span>
    </p>
   </div>
   <div class='ocr_carea' id='block_1_4' title="bbox 440 2670 1584 2965">
    <p class='ocr_par' dir='ltr' id='par_1_4' title="bbox 440 2670 1584 2965">
     <span class='ocr_line' id='line_1_20' title="bbox 441 2670 1584 2773; baseline 0 -36"><span class='ocrx_word' id='word_1_171' title='bbox 441 2671 481 2737; x_wconf 94' lang='grc' dir='ltr'><strong>Ο.</strong></span> <span class='ocrx_word' id='word_1_172' title='bbox 496 2670 676 2737; x_wconf 88' lang='lat' dir='ltr'><strong>Muellerus</strong></span> <span class='ocrx_word' id='word_1_173' title='bbox 698 2682 730 2737; x_wconf 90' lang='lat' dir='ltr'><strong>et</strong></span> <span class='ocrx_word' id='word_1_174' title='bbox 750 2672 856 2737; x_wconf 87' lang='lat' dir='ltr'><strong>hicet</strong></span> <span class='ocrx_word' id='word_1_175' title='bbox 879 2672 1007 2737; x_wconf 89' lang='lat' dir='ltr'><strong>duobus</strong></span> <span class='ocrx_word' id='word_1_176' title='bbox 1030 2673 1086 2759; x_wconf 92' lang='lat' dir='ltr'><strong>qui</strong></span> <span class='ocrx_word' id='word_1_177' title='bbox 1108 2673 1222 2773; x_wconf 85' lang='lat' dir='ltr'><strong>statim</strong></span> <span class='ocrx_word' id='word_1_178' title='bbox 1242 2682 1422 2760; x_wconf 88' lang='lat' dir='ltr'><strong>sequuntur</strong></span> <span class='ocrx_word' id='word_1_179' title='bbox 1442 2672 1524 2738; x_wconf 87' lang='lat' dir='ltr'><strong>locis</strong></span> <span class='ocrx_word' id='word_1_180' title='bbox 1544 2696 1584 2738; x_wconf 86' lang='lat' dir='ltr'><strong>ex</strong></span> 
     </span>
     <span class='ocr_line' id='line_1_21' title="bbox 440 2773 1584 2855; baseline 0.002 -16"><span class='ocrx_word' id='word_1_181' title='bbox 440 2774 574 2841; x_wconf 84' lang='lat' dir='ltr'><strong>foedere</strong></span> <span class='ocrx_word' id='word_1_182' title='bbox 588 2773 691 2842; x_wconf 89' lang='lat' dir='ltr'><strong>latino</strong></span> <span class='ocrx_word' id='word_1_183' title='bbox 707 2782 878 2855; x_wconf 73' lang='lat' dir='ltr'><strong>‘peccatum</strong></span> <span class='ocrx_word' id='word_1_184' title='bbox 893 2782 959 2854; x_wconf 81' lang='lat' dir='ltr'><strong>quis</strong></span> <span class='ocrx_word' id='word_1_185' title='bbox 973 2783 1122 2840; x_wconf 81' lang='lat' dir='ltr'><strong>nancitor’</strong></span> <span class='ocrx_word' id='word_1_186' title='bbox 1139 2786 1172 2841; x_wconf 90' lang='lat' dir='ltr'><strong>et</strong></span> <span class='ocrx_word' id='word_1_187' title='bbox 1187 2782 1226 2840; x_wconf 79' lang='lat' dir='ltr'><strong>‘si</strong></span> <span class='ocrx_word' id='word_1_188' title='bbox 1246 2780 1320 2855; x_wconf 80' lang='lat' dir='ltr'><strong>quid</strong></span> <span class='ocrx_word' id='word_1_189' title='bbox 1330 2782 1467 2855; x_wconf 65' lang='lat' dir='ltr'><strong>pignoris</strong></span> <span class='ocrx_word' id='word_1_190' title='bbox 1482 2782 1584 2841; x_wconf 66' lang='lat' dir='ltr'><strong>nosu-</strong></span> 
     </span>
     <span class='ocr_line' id='line_1_22' title="bbox 440 2876 1584 2965; baseline 0.002 -24"><span class='ocrx_word' id='word_1_191' title='bbox 440 2884 544 2943; x_wconf 79' lang='lat' dir='ltr'><strong>scr&#39;tur&#39;</strong></span> <span class='ocrx_word' id='word_1_192' title='bbox 562 2876 637 2963; x_wconf 86' lang='lat' dir='ltr'><strong>(sic)</strong></span> <span class='ocrx_word' id='word_1_193' title='bbox 655 2888 687 2943; x_wconf 85' lang='lat' dir='ltr'><strong>et</strong></span> <span class='ocrx_word' id='word_1_194' title='bbox 702 2876 801 2943; x_wconf 88' lang='lat' dir='ltr'><strong>simili</strong></span> <span class='ocrx_word' id='word_1_195' title='bbox 816 2900 848 2965; x_wconf 92' lang='lat' dir='ltr'><strong>p.</strong></span> <span class='ocrx_word' id='word_1_196' title='bbox 864 2876 926 2943; x_wconf 77' lang='lat'><strong>227</strong></span> <span class='ocrx_word' id='word_1_197' title='bbox 943 2883 1129 2942; x_wconf 78' lang='lat' dir='ltr'><strong>‘renascitur</strong></span> <span class='ocrx_word' id='word_1_198' title='bbox 1151 2883 1274 2943; x_wconf 78' lang='lat' dir='ltr'><strong>Verrius</strong></span> <span class='ocrx_word' id='word_1_199' title='bbox 1288 2884 1461 2957; x_wconf 66' lang='lat' dir='ltr'><strong>significare</strong></span> <span class='ocrx_word' id='word_1_200' title='bbox 1475 2887 1521 2944; x_wconf 79' lang='lat' dir='ltr'><strong>uit</strong></span> <span class='ocrx_word' id='word_1_201' title='bbox 1533 2900 1584 2943; x_wconf 82' lang='lat' dir='ltr'><strong>rc-</strong></span> 
     </span>
    </p>
   </div>
   <div class='ocr_carea' id='block_1_5' title="bbox 438 2980 1689 3069">
    <p class='ocr_par' dir='ltr' id='par_1_5' title="bbox 438 2980 1689 3069">
     <span class='ocr_line' id='line_1_23' title="bbox 438 2980 1689 3069; baseline 0 -25"><span class='ocrx_word' id='word_1_202' title='bbox 438 2984 645 3061; x_wconf 80' lang='lat' dir='ltr'><strong>prehcnderit’</strong></span> <span class='ocrx_word' id='word_1_203' title='bbox 661 2988 846 3046; x_wconf 88' lang='lat' dir='ltr'><strong>constanter</strong></span> <span class='ocrx_word' id='word_1_204' title='bbox 861 2980 1009 3067; x_wconf 86' lang='lat' dir='ltr'><strong>reposuit</strong></span> <span class='ocrx_word' id='word_1_205' title='bbox 1025 2988 1192 3044; x_wconf 74' lang='lat' dir='ltr'><strong>‘consitor&#39;</strong></span> <span class='ocrx_word' id='word_1_206' title='bbox 1206 2981 1458 3069; x_wconf 69' lang='lat' dir='ltr'><strong>(sfnunxsitor’)</strong></span> <span class='ocrx_word' id='word_1_207' title='bbox 1473 2990 1507 3047; x_wconf 91' lang='lat' dir='ltr'><strong>et</strong></span> <span class='ocrx_word' id='word_1_208' title='bbox 1521 2989 1583 3045; x_wconf 85' lang='lat' dir='ltr'><strong>‘re-</strong></span> <span class='ocrx_word' id='word_1_209' title='bbox 1688 3027 1689 3044; x_wconf 74' lang='lat'><strong>.</strong></span> 
     </span>
    </p>
   </div>
   <div class='ocr_carea' id='block_1_6' title="bbox 442 3082 1584 3483">
    <p class='ocr_par' dir='ltr' id='par_1_6' title="bbox 442 3082 1584 3483">
     <span class='ocr_line' id='line_1_24' title="bbox 442 3082 1584 3170; baseline 0.003 -24"><span class='ocrx_word' id='word_1_210' title='bbox 442 3089 609 3159; x_wconf 78' lang='lat' dir='ltr'><strong>nuuxilur’,</strong></span> <span class='ocrx_word' id='word_1_211' title='bbox 626 3083 778 3169; x_wconf 90' lang='lat' dir='ltr'><strong>quoniam</strong></span> <span class='ocrx_word' id='word_1_212' title='bbox 793 3105 813 3147; x_wconf 92' lang='lat' dir='ltr'><strong>a</strong></span> <span class='ocrx_word' id='word_1_213' title='bbox 828 3083 980 3147; x_wconf 77' lang='lat' dir='ltr'><strong>‘nancio&#39;</strong></span> <span class='ocrx_word' id='word_1_214' title='bbox 1000 3118 1035 3129; x_wconf 90' lang='lat'><em>-</em></span> <span class='ocrx_word' id='word_1_215' title='bbox 1053 3083 1140 3170; x_wconf 88' lang='lat' dir='ltr'><strong>quod</strong></span> <span class='ocrx_word' id='word_1_216' title='bbox 1160 3082 1299 3149; x_wconf 89' lang='lat' dir='ltr'><strong>verbum</strong></span> <span class='ocrx_word' id='word_1_217' title='bbox 1312 3082 1480 3149; x_wconf 89' lang='lat' dir='ltr'><strong>Prisciano</strong></span> <span class='ocrx_word' id='word_1_218' title='bbox 1503 3092 1584 3149; x_wconf 90' lang='lat' dir='ltr'><strong>teste</strong></span> 
     </span>
     <span class='ocr_line' id='line_1_25' title="bbox 442 3184 1583 3272; baseline -0.001 -21"><span class='ocrx_word' id='word_1_219' title='bbox 442 3208 473 3272; x_wconf 90' lang='lat' dir='ltr'><strong>p.</strong></span> <span class='ocrx_word' id='word_1_220' title='bbox 492 3186 554 3251; x_wconf 88' lang='lat'><strong>888</strong></span> <span class='ocrx_word' id='word_1_221' title='bbox 569 3184 607 3248; x_wconf 89' lang='lat' dir='ltr'><strong>P.</strong></span> <span class='ocrx_word' id='word_1_222' title='bbox 630 3184 724 3251; x_wconf 82' lang='lat'>1513</span> <span class='ocrx_word' id='word_1_223' title='bbox 740 3184 783 3249; x_wconf 90' lang='lat' dir='ltr'><strong>H.</strong></span> <span class='ocrx_word' id='word_1_224' title='bbox 800 3190 849 3249; x_wconf 70' lang='lat' dir='ltr'><strong>‘in</strong></span> <span class='ocrx_word' id='word_1_225' title='bbox 870 3206 925 3249; x_wconf 84' lang='lat' dir='ltr'><strong>usu</strong></span> <span class='ocrx_word' id='word_1_226' title='bbox 942 3188 1007 3261; x_wconf 78' lang='lat' dir='ltr'><strong>suit</strong></span> <span class='ocrx_word' id='word_1_227' title='bbox 1025 3193 1249 3264; x_wconf 81' lang='lat' dir='ltr'><strong>vetustissimis’,</strong></span> <span class='ocrx_word' id='word_1_228' title='bbox 1270 3186 1313 3249; x_wconf 89' lang='lat' dir='ltr'><strong>cf.</strong></span> <span class='ocrx_word' id='word_1_229' title='bbox 1335 3184 1508 3251; x_wconf 80' lang='lat' dir='ltr'><strong>Gracchus</strong></span> <span class='ocrx_word' id='word_1_230' title='bbox 1528 3207 1583 3272; x_wconf 91' lang='lat' dir='ltr'><strong>pro</strong></span> 
     </span>
     <span class='ocr_line' id='line_1_26' title="bbox 443 3287 1584 3375; baseline 0.002 -24"><span class='ocrx_word' id='word_1_231' title='bbox 443 3311 492 3353; x_wconf 89' lang='lat' dir='ltr'><strong>se:</strong></span> <span class='ocrx_word' id='word_1_232' title='bbox 520 3293 564 3353; x_wconf 75' lang='lat' dir='ltr'><strong>‘si</strong></span> <span class='ocrx_word' id='word_1_233' title='bbox 577 3294 719 3352; x_wconf 76' lang='lat' dir='ltr'><strong>nunciam</strong></span> <span class='ocrx_word' id='word_1_234' title='bbox 734 3294 842 3369; x_wconf 78' lang='lat' dir='ltr'><strong>populi</strong></span> <span class='ocrx_word' id='word_1_235' title='bbox 862 3290 1097 3374; x_wconf 66' lang='lat' dir='ltr'><strong>desiderium&#39;i)</strong></span> <span class='ocrx_word' id='word_1_236' title='bbox 1113 3287 1354 3375; x_wconf 84' lang='lat' dir='ltr'><strong>-perfectum</strong></span> <span class='ocrx_word' id='word_1_237' title='bbox 1376 3287 1414 3353; x_wconf 89' lang='lat' dir='ltr'><strong>fit</strong></span> <span class='ocrx_word' id='word_1_238' title='bbox 1434 3288 1584 3369; x_wconf 74' lang='lat' dir='ltr'><strong>‘nanxi’,</strong></span> 
     </span>
     <span class='ocr_line' id='line_1_27' title="bbox 443 3388 1584 3483; baseline 0.003 -31"><span class='ocrx_word' id='word_1_239' title='bbox 443 3390 505 3454; x_wconf 84' lang='lat' dir='ltr'><strong>fut.</strong></span> <span class='ocrx_word' id='word_1_240' title='bbox 516 3389 552 3454; x_wconf 95' lang='grc' dir='ltr'><strong>ΙΙ</strong></span> <span class='ocrx_word' id='word_1_241' title='bbox 568 3394 702 3454; x_wconf 79' lang='lat' dir='ltr'><strong>‘nanxo&#39;</strong></span> <span class='ocrx_word' id='word_1_242' title='bbox 719 3388 946 3477; x_wconf 87' lang='lat' dir='ltr'><strong>(‘nanx-eso&#39;).</strong></span> <span class='ocrx_word' id='word_1_243' title='bbox 963 3390 1077 3483; x_wconf 75' lang='lat' dir='ltr'><strong>Neque</strong></span> <span class='ocrx_word' id='word_1_244' title='bbox 1093 3392 1179 3455; x_wconf 91' lang='lat' dir='ltr'><strong>enim</strong></span> <span class='ocrx_word' id='word_1_245' title='bbox 1195 3389 1282 3477; x_wconf 92' lang='lat' dir='ltr'><strong>quod</strong></span> <span class='ocrx_word' id='word_1_246' title='bbox 1293 3389 1517 3455; x_wconf 90' lang='lat' dir='ltr'><strong>Mommsenus</strong></span> <span class='ocrx_word' id='word_1_247' title='bbox 1532 3411 1584 3455; x_wconf 89' lang='lat' dir='ltr'><strong>vo·</strong></span> 
     </span>
    </p>
   </div>
   <div class='ocr_carea' id='block_1_7' title="bbox 443 3630 1586 4298">
    <p class='ocr_par' dir='ltr' id='par_1_7' title="bbox 443 3630 1586 3955">
     <span class='ocr_line' id='line_1_28' title="bbox 512 3630 1586 3698; baseline 0.003 -17"><span class='ocrx_word' id='word_1_248' title='bbox 512 3630 532 3696; x_wconf 88' lang='lat'><strong>¹)</strong></span> <span class='ocrx_word' id='word_1_249' title='bbox 551 3632 668 3683; x_wconf 87' lang='lat' dir='ltr'><strong>Praeter</strong></span> <span class='ocrx_word' id='word_1_250' title='bbox 686 3648 735 3682; x_wconf 87' lang='lat' dir='ltr'><strong>eas</strong></span> <span class='ocrx_word' id='word_1_251' title='bbox 753 3647 866 3697; x_wconf 89' lang='lat' dir='ltr'><strong>quarum</strong></span> <span class='ocrx_word' id='word_1_252' title='bbox 885 3648 969 3698; x_wconf 86' lang='lat' dir='ltr'><strong>supra</strong></span> <span class='ocrx_word' id='word_1_253' title='bbox 987 3634 1090 3683; x_wconf 87' lang='lat' dir='ltr'><strong>mentio</strong></span> <span class='ocrx_word' id='word_1_254' title='bbox 1106 3634 1221 3686; x_wconf 85' lang='lat' dir='ltr'><strong>inicitur</strong></span> <span class='ocrx_word' id='word_1_255' title='bbox 1238 3635 1292 3684; x_wconf 87' lang='lat' dir='ltr'><strong>hae</strong></span> <span class='ocrx_word' id='word_1_256' title='bbox 1310 3632 1486 3683; x_wconf 82' lang='lat' dir='ltr'><strong>adferuntur:</strong></span> <span class='ocrx_word' id='word_1_257' title='bbox 1507 3635 1586 3697; x_wconf 72' lang='lat' dir='ltr'><strong>‘faur&#39;-</strong></span> 
     </span>
     <span class='ocr_line' id='line_1_29' title="bbox 444 3716 1586 3783; baseline 0.002 -15"><span class='ocrx_word' id='word_1_258' title='bbox 444 3722 495 3768; x_wconf 85' lang='lat' dir='ltr'><strong>tur‘</strong></span> <span class='ocrx_word' id='word_1_259' title='bbox 514 3718 544 3766; x_wconf 93' lang='lat' dir='ltr'><strong>in</strong></span> <span class='ocrx_word' id='word_1_260' title='bbox 562 3716 705 3783; x_wconf 85' lang='lat' dir='ltr'><strong>rogatione</strong></span> <span class='ocrx_word' id='word_1_261' title='bbox 724 3716 841 3768; x_wconf 85' lang='lat' dir='ltr'><strong>devere</strong></span> <span class='ocrx_word' id='word_1_262' title='bbox 860 3734 940 3769; x_wconf 89' lang='lat' dir='ltr'><strong>sacro</strong></span> <span class='ocrx_word' id='word_1_263' title='bbox 960 3735 1003 3783; x_wconf 88' lang='lat' dir='ltr'><strong>ap.</strong></span> <span class='ocrx_word' id='word_1_264' title='bbox 1022 3718 1133 3769; x_wconf 87' lang='lat' dir='ltr'><strong>Livium</strong></span> <span class='ocrx_word' id='word_1_265' title='bbox 1150 3719 1193 3781; x_wconf 73' lang='lat'><strong>22,</strong></span> <span class='ocrx_word' id='word_1_266' title='bbox 1213 3719 1254 3782; x_wconf 89' lang='lat'><strong>10,</strong></span> <span class='ocrx_word' id='word_1_267' title='bbox 1273 3719 1296 3767; x_wconf 83' lang='lat'><strong>6.</strong></span> <span class='ocrx_word' id='word_1_268' title='bbox 1321 3720 1458 3769; x_wconf 69' lang='lat' dir='ltr'><strong>‘inuritur’</strong></span> <span class='ocrx_word' id='word_1_269' title='bbox 1478 3717 1549 3770; x_wconf 83' lang='lat' dir='ltr'><strong>Cato</strong></span> <span class='ocrx_word' id='word_1_270' title='bbox 1566 3734 1586 3770; x_wconf 87' lang='lat' dir='ltr'><strong>r.</strong></span> 
     </span>
     <span class='ocr_line' id='line_1_30' title="bbox 443 3802 1586 3869; baseline 0.001 -16"><span class='ocrx_word' id='word_1_271' title='bbox 443 3820 465 3857; x_wconf 84' lang='lat' dir='ltr'><strong>r.</strong></span> <span class='ocrx_word' id='word_1_272' title='bbox 485 3806 526 3854; x_wconf 83' lang='lat'><strong>14.</strong></span> <span class='ocrx_word' id='word_1_273' title='bbox 555 3803 738 3854; x_wconf 80' lang='lat' dir='ltr'><strong>‘turbassitur’</strong></span> <span class='ocrx_word' id='word_1_274' title='bbox 758 3802 869 3854; x_wconf 84' lang='lat' dir='ltr'><strong>inficta</strong></span> <span class='ocrx_word' id='word_1_275' title='bbox 888 3803 1032 3854; x_wconf 77' lang='lat' dir='ltr'><strong>Ciceronis</strong></span> <span class='ocrx_word' id='word_1_276' title='bbox 1050 3803 1113 3869; x_wconf 89' lang='lat' dir='ltr'><strong>lege</strong></span> <span class='ocrx_word' id='word_1_277' title='bbox 1132 3804 1223 3866; x_wconf 82' lang='lat'>1114,</span> <span class='ocrx_word' id='word_1_278' title='bbox 1243 3805 1287 3866; x_wconf 84' lang='lat'><strong>11,</strong></span> <span class='ocrx_word' id='word_1_279' title='bbox 1313 3804 1413 3867; x_wconf 87' lang='lat' dir='ltr'><strong>quihus</strong></span> <span class='ocrx_word' id='word_1_280' title='bbox 1432 3803 1586 3854; x_wconf 87' lang='lat' dir='ltr'><strong>addendum</strong></span> 
     </span>
     <span class='ocr_line' id='line_1_31' title="bbox 443 3886 1521 3955; baseline -0.006 -15"><span class='ocrx_word' id='word_1_281' title='bbox 443 3886 626 3941; x_wconf 55' lang='lat' dir='ltr'><strong>‘mercaretur&#39;</strong></span> <span class='ocrx_word' id='word_1_282' title='bbox 647 3887 759 3955; x_wconf 86' lang='lat' dir='ltr'><strong>exlege</strong></span> <span class='ocrx_word' id='word_1_283' title='bbox 779 3890 890 3955; x_wconf 84' lang='lat' dir='ltr'><strong>agraria</strong></span> <span class='ocrx_word' id='word_1_284' title='bbox 907 3905 935 3941; x_wconf 91' lang='lat' dir='ltr'><strong>v.</strong></span> <span class='ocrx_word' id='word_1_285' title='bbox 953 3890 995 3939; x_wconf 75' lang='lat'><strong>71.</strong></span> <span class='ocrx_word' id='word_1_286' title='bbox 1518 3892 1521 3895; x_wconf 81' lang='grc'>’</span> 
     </span>
    </p>

    <p class='ocr_par' dir='ltr' id='par_1_8' title="bbox 443 3973 1586 4197">
     <span class='ocr_line' id='line_1_32' title="bbox 509 3973 1586 4040; baseline 0 -15"><span class='ocrx_word' id='word_1_287' title='bbox 509 3973 531 4039; x_wconf 83' lang='lat'><strong>²)</strong></span> <span class='ocrx_word' id='word_1_288' title='bbox 550 3974 665 4025; x_wconf 89' lang='lat' dir='ltr'><strong>Rectius</strong></span> <span class='ocrx_word' id='word_1_289' title='bbox 684 3974 816 4025; x_wconf 82' lang='lat' dir='ltr'><strong>Cuiacius</strong></span> <span class='ocrx_word' id='word_1_290' title='bbox 835 3973 915 4025; x_wconf 81' lang='lat' dir='ltr'><strong>Obsa</strong></span> <span class='ocrx_word' id='word_1_291' title='bbox 930 3975 971 4037; x_wconf 89' lang='lat'><strong>10,</strong></span> <span class='ocrx_word' id='word_1_292' title='bbox 989 3976 1035 4024; x_wconf 88' lang='lat'><strong>11:</strong></span> <span class='ocrx_word' id='word_1_293' title='bbox 1054 3989 1115 4025; x_wconf 87' lang='lat' dir='ltr'><strong>cum</strong></span> <span class='ocrx_word' id='word_1_294' title='bbox 1133 3990 1212 4025; x_wconf 86' lang='lat' dir='ltr'><strong>suam</strong></span> <span class='ocrx_word' id='word_1_295' title='bbox 1230 3973 1299 4040; x_wconf 87' lang='lat' dir='ltr'><strong>legis</strong></span> <span class='ocrx_word' id='word_1_296' title='bbox 1311 3975 1364 4026; x_wconf 86' lang='lat' dir='ltr'><strong>V6</strong></span> <span class='ocrx_word' id='word_1_297' title='bbox 1381 3975 1586 4027; x_wconf 85' lang='lat' dir='ltr'><strong>restitutionem</strong></span> 
     </span>
     <span class='ocr_line' id='line_1_33' title="bbox 444 4058 1585 4127; baseline -0.002 -16"><span class='ocrx_word' id='word_1_298' title='bbox 444 4063 579 4127; x_wconf 81' lang='lat' dir='ltr'><strong>‘agnatus</strong></span> <span class='ocrx_word' id='word_1_299' title='bbox 597 4060 735 4127; x_wconf 89' lang='lat' dir='ltr'><strong>proximus</strong></span> <span class='ocrx_word' id='word_1_300' title='bbox 754 4059 871 4111; x_wconf 87' lang='lat' dir='ltr'><strong>tutelam</strong></span> <span class='ocrx_word' id='word_1_301' title='bbox 894 4059 1039 4120; x_wconf 83' lang='lat' dir='ltr'><strong>nancitor’</strong></span> <span class='ocrx_word' id='word_1_302' title='bbox 1063 4074 1160 4125; x_wconf 86' lang='lat' dir='ltr'><strong>parum</strong></span> <span class='ocrx_word' id='word_1_303' title='bbox 1183 4058 1368 4111; x_wconf 89' lang='lat' dir='ltr'><strong>commendari</strong></span> <span class='ocrx_word' id='word_1_304' title='bbox 1390 4059 1469 4111; x_wconf 86' lang='lat' dir='ltr'><strong>Festi</strong></span> <span class='ocrx_word' id='word_1_305' title='bbox 1493 4060 1585 4127; x_wconf 86' lang='lat' dir='ltr'><strong>glossa</strong></span> 
     </span>
     <span class='ocr_line' id='line_1_34' title="bbox 443 4146 529 4197; baseline 0 -1"><span class='ocrx_word' id='word_1_306' title='bbox 443 4146 529 4197; x_wconf 89' lang='lat' dir='ltr'><strong>dicat.</strong></span> 
     </span>
    </p>

    <p class='ocr_par' dir='ltr' id='par_1_9' title="bbox 511 4229 1585 4298">
     <span class='ocr_line' id='line_1_35' title="bbox 511 4229 1585 4298; baseline -0.001 -18"><span class='ocrx_word' id='word_1_307' title='bbox 511 4230 532 4294; x_wconf 85' lang='lat'><strong>³)</strong></span> <span class='ocrx_word' id='word_1_308' title='bbox 552 4235 664 4281; x_wconf 78' lang='lat' dir='ltr'><strong>‘nance&#39;</strong></span> <span class='ocrx_word' id='word_1_309' title='bbox 683 4232 797 4281; x_wconf 84' lang='lat' dir='ltr'><strong>verbum</strong></span> <span class='ocrx_word' id='word_1_310' title='bbox 816 4245 907 4281; x_wconf 89' lang='lat' dir='ltr'><strong>errore</strong></span> <span class='ocrx_word' id='word_1_311' title='bbox 927 4230 1020 4281; x_wconf 82' lang='lat' dir='ltr'><strong>effecit</strong></span> <span class='ocrx_word' id='word_1_312' title='bbox 1038 4232 1161 4298; x_wconf 88' lang='lat' dir='ltr'><strong>Boppius</strong></span> <span class='ocrx_word' id='word_1_313' title='bbox 1180 4232 1227 4282; x_wconf 83' lang='lat' dir='ltr'><strong>Gr.</strong></span> <span class='ocrx_word' id='word_1_314' title='bbox 1248 4245 1334 4296; x_wconf 92' lang='lat' dir='ltr'><strong>comp.</strong></span> <span class='ocrx_word' id='word_1_315' title='bbox 1354 4231 1397 4281; x_wconf 91' lang='lat'><strong>111</strong></span> <span class='ocrx_word' id='word_1_316' title='bbox 1415 4248 1441 4296; x_wconf 91' lang='lat' dir='ltr'><strong>p.</strong></span> <span class='ocrx_word' id='word_1_317' title='bbox 1456 4233 1513 4283; x_wconf 83' lang='lat'><strong>133.</strong></span> <span class='ocrx_word' id='word_1_318' title='bbox 1534 4229 1585 4281; x_wconf 86' lang='lat' dir='ltr'><strong>Sed</strong></span> 
     </span>
    </p>
   </div>
   <div class='ocr_carea' id='block_1_8' title="bbox 444 4314 1686 4382">
    <p class='ocr_par' dir='ltr' id='par_1_10' title="bbox 444 4314 1686 4382">
     <span class='ocr_line' id='line_1_36' title="bbox 444 4314 1686 4382; baseline -0.003 -15"><span class='ocrx_word' id='word_1_319' title='bbox 444 4332 498 4381; x_wconf 92' lang='lat' dir='ltr'><strong>quo</strong></span> <span class='ocrx_word' id='word_1_320' title='bbox 521 4315 600 4367; x_wconf 89' lang='lat' dir='ltr'><strong>modo</strong></span> <span class='ocrx_word' id='word_1_321' title='bbox 624 4314 776 4367; x_wconf 79' lang='lat' dir='ltr'><strong>Oorssenus</strong></span> <span class='ocrx_word' id='word_1_322' title='bbox 800 4316 892 4380; x_wconf 79' lang='lat' dir='ltr'><strong>Symb.</strong></span> <span class='ocrx_word' id='word_1_323' title='bbox 917 4316 978 4365; x_wconf 87' lang='lat' dir='ltr'><strong>crit.</strong></span> <span class='ocrx_word' id='word_1_324' title='bbox 1006 4333 1033 4382; x_wconf 90' lang='lat' dir='ltr'><strong>p.</strong></span> <span class='ocrx_word' id='word_1_325' title='bbox 1051 4317 1084 4367; x_wconf 80' lang='lat'><strong>37</strong></span> <span class='ocrx_word' id='word_1_326' title='bbox 1114 4317 1251 4368; x_wconf 85' lang='lat' dir='ltr'><strong>‘nancire’</strong></span> <span class='ocrx_word' id='word_1_327' title='bbox 1278 4317 1392 4367; x_wconf 87' lang='lat' dir='ltr'><strong>verbum</strong></span> <span class='ocrx_word' id='word_1_328' title='bbox 1419 4320 1527 4367; x_wconf 86' lang='lat' dir='ltr'><strong>statuat</strong></span> <span class='ocrx_word' id='word_1_329' title='bbox 1555 4331 1585 4365; x_wconf 85' lang='lat' dir='ltr'><strong>ex</strong></span> <span class='ocrx_word' id='word_1_330' title='bbox 1654 4362 1662 4371; x_wconf 82' lang='grc'>,</span> <span class='ocrx_word' id='word_1_331' title='bbox 1685 4353 1686 4372; x_wconf 46' lang='grc'>1</span> 
     </span>
    </p>
   </div>
   <div class='ocr_carea' id='block_1_9' title="bbox 444 4399 1585 4809">
    <p class='ocr_par' dir='ltr' id='par_1_11' title="bbox 444 4399 1585 4809">
     <span class='ocr_line' id='line_1_37' title="bbox 446 4399 1585 4467; baseline -0.001 -15"><span class='ocrx_word' id='word_1_332' title='bbox 446 4401 568 4452; x_wconf 87' lang='lat' dir='ltr'><strong>Gracchi</strong></span> <span class='ocrx_word' id='word_1_333' title='bbox 585 4400 647 4452; x_wconf 90' lang='lat' dir='ltr'><strong>loco</strong></span> <span class='ocrx_word' id='word_1_334' title='bbox 665 4402 863 4452; x_wconf 89' lang='lat' dir='ltr'><strong>necessario</strong></span> <span class='ocrx_word' id='word_1_335' title='bbox 881 4399 1022 4467; x_wconf 87' lang='lat' dir='ltr'><strong>intellegi,</strong></span> <span class='ocrx_word' id='word_1_336' title='bbox 1041 4416 1096 4452; x_wconf 91' lang='lat' dir='ltr'><strong>non</strong></span> <span class='ocrx_word' id='word_1_337' title='bbox 1113 4401 1203 4452; x_wconf 88' lang='lat' dir='ltr'><strong>minus</strong></span> <span class='ocrx_word' id='word_1_338' title='bbox 1222 4415 1364 4466; x_wconf 89' lang='lat' dir='ltr'><strong>assequor.</strong></span> <span class='ocrx_word' id='word_1_339' title='bbox 1385 4399 1436 4451; x_wconf 84' lang='lat' dir='ltr'><strong>Oui</strong></span> <span class='ocrx_word' id='word_1_340' title='bbox 1455 4402 1510 4452; x_wconf 87' lang='lat' dir='ltr'><strong>etsi</strong></span> <span class='ocrx_word' id='word_1_341' title='bbox 1526 4416 1585 4465; x_wconf 87' lang='lat' dir='ltr'><strong>spe·</strong></span> 
     </span>
     <span class='ocr_line' id='line_1_38' title="bbox 445 4479 1584 4552; baseline -0.002 -17"><span class='ocrx_word' id='word_1_342' title='bbox 445 4486 503 4537; x_wconf 87' lang='lat' dir='ltr'><strong>cies</strong></span> <span class='ocrx_word' id='word_1_343' title='bbox 514 4479 655 4550; x_wconf 76' lang='lat' dir='ltr'><strong>¹quaedam</strong></span> <span class='ocrx_word' id='word_1_344' title='bbox 675 4485 785 4539; x_wconf 86' lang='lat' dir='ltr'><strong>accedit</strong></span> <span class='ocrx_word' id='word_1_345' title='bbox 803 4502 836 4538; x_wconf 87' lang='lat' dir='ltr'><strong>ex</strong></span> <span class='ocrx_word' id='word_1_346' title='bbox 855 4487 1062 4552; x_wconf 88' lang='lat' dir='ltr'><strong>comparatione</strong></span> <span class='ocrx_word' id='word_1_347' title='bbox 1079 4502 1105 4539; x_wconf 88' lang='lat' dir='ltr'><strong>v.</strong></span> <span class='ocrx_word' id='word_1_348' title='bbox 1123 4488 1231 4538; x_wconf 77' lang='lat' dir='ltr'><strong>‘sancio</strong></span> <span class='ocrx_word' id='word_1_349' title='bbox 1243 4487 1348 4539; x_wconf 83' lang='lat' dir='ltr'><strong>sanxi’:</strong></span> <span class='ocrx_word' id='word_1_350' title='bbox 1367 4490 1397 4537; x_wconf 84' lang='lat' dir='ltr'><strong>at</strong></span> <span class='ocrx_word' id='word_1_351' title='bbox 1416 4487 1511 4537; x_wconf 89' lang='lat' dir='ltr'><strong>eodem</strong></span> <span class='ocrx_word' id='word_1_352' title='bbox 1529 4486 1584 4535; x_wconf 90' lang='lat' dir='ltr'><strong>iure</strong></span> 
     </span>
     <span class='ocr_line' id='line_1_39' title="bbox 444 4570 1584 4639; baseline -0.002 -18"><span class='ocrx_word' id='word_1_353' title='bbox 444 4570 619 4622; x_wconf 84' lang='lat' dir='ltr'><strong>hauddubie</strong></span> <span class='ocrx_word' id='word_1_354' title='bbox 638 4573 736 4637; x_wconf 84' lang='lat' dir='ltr'><strong>‘capio</strong></span> <span class='ocrx_word' id='word_1_355' title='bbox 760 4572 862 4639; x_wconf 85' lang='lat' dir='ltr'><strong>capsi’,</strong></span> <span class='ocrx_word' id='word_1_356' title='bbox 882 4572 971 4622; x_wconf 81' lang='lat' dir='ltr'><strong>‘iccio</strong></span> <span class='ocrx_word' id='word_1_357' title='bbox 990 4571 1065 4623; x_wconf 80' lang='lat' dir='ltr'><strong>faxi’</strong></span> <span class='ocrx_word' id='word_1_358' title='bbox 1083 4573 1113 4622; x_wconf 92' lang='lat' dir='ltr'><strong>in</strong></span> <span class='ocrx_word' id='word_1_359' title='bbox 1136 4588 1248 4623; x_wconf 86' lang='lat' dir='ltr'><strong>censum</strong></span> <span class='ocrx_word' id='word_1_360' title='bbox 1264 4588 1367 4624; x_wconf 81' lang='lat' dir='ltr'><strong>vocare</strong></span> <span class='ocrx_word' id='word_1_361' title='bbox 1390 4571 1468 4623; x_wconf 84' lang='lat' dir='ltr'><strong>licet.</strong></span> <span class='ocrx_word' id='word_1_362' title='bbox 1503 4573 1584 4622; x_wconf 92' lang='lat' dir='ltr'><strong>Immo</strong></span> 
     </span>
     <span class='ocr_line' id='line_1_40' title="bbox 445 4646 1583 4725; baseline 0.004 -20"><span class='ocrx_word' id='word_1_363' title='bbox 445 4656 538 4721; x_wconf 86' lang='lat' dir='ltr'><strong>aptius</strong></span> <span class='ocrx_word' id='word_1_364' title='bbox 556 4655 673 4706; x_wconf 86' lang='lat' dir='ltr'><strong>sumitur</strong></span> <span class='ocrx_word' id='word_1_365' title='bbox 691 4674 708 4708; x_wconf 84' lang='lat' dir='ltr'><strong>a</strong></span> <span class='ocrx_word' id='word_1_366' title='bbox 721 4646 878 4708; x_wconf 74' lang='lat' dir='ltr'><strong>&#39;‘nancitur&#39;</strong></span> <span class='ocrx_word' id='word_1_367' title='bbox 897 4656 1064 4710; x_wconf 86' lang='lat' dir='ltr'><strong>descendere</strong></span> <span class='ocrx_word' id='word_1_368' title='bbox 1083 4657 1276 4709; x_wconf 81' lang='lat' dir='ltr'><strong>‘nanciscitur&#39;</strong></span> <span class='ocrx_word' id='word_1_369' title='bbox 1295 4672 1377 4725; x_wconf 85' lang='lat' dir='ltr'><strong>quam</strong></span> <span class='ocrx_word' id='word_1_370' title='bbox 1389 4674 1406 4709; x_wconf 84' lang='lat' dir='ltr'><strong>a</strong></span> <span class='ocrx_word' id='word_1_371' title='bbox 1424 4658 1583 4718; x_wconf 53' lang='lat' dir='ltr'><strong>‘nescitura</strong></span> 
     </span>
     <span class='ocr_line' id='line_1_41' title="bbox 444 4740 858 4809; baseline -0.002 -17"><span class='ocrx_word' id='word_1_372' title='bbox 444 4744 476 4792; x_wconf 88' lang='lat' dir='ltr'><strong>ut</strong></span> <span class='ocrx_word' id='word_1_373' title='bbox 494 4757 511 4791; x_wconf 85' lang='lat' dir='ltr'><strong>a</strong></span> <span class='ocrx_word' id='word_1_374' title='bbox 530 4744 653 4809; x_wconf 77' lang='lat' dir='ltr'><strong>‘parere‘</strong></span> <span class='ocrx_word' id='word_1_375' title='bbox 672 4740 703 4793; x_wconf 81' lang='lat' dir='ltr'><strong>fit</strong></span> <span class='ocrx_word' id='word_1_376' title='bbox 721 4741 858 4807; x_wconf 79' lang='lat' dir='ltr'><strong>‘pacisci’</strong></span> 
     </span>
    </p>
   </div>
   <div class='ocr_carea' id='block_1_10' title="bbox 0 0 1871 5634">
    <p class='ocr_par' dir='ltr' id='par_1_12' title="bbox 0 0 1871 5634">
     <span class='ocr_line' id='line_1_42' title="bbox 0 0 1871 5634; baseline 0 0"><span class='ocrx_word' id='word_1_377' title='bbox 0 0 1871 5634; x_wconf 95' lang='lat' dir='ltr'><strong> </strong></span> 
     </span>
    </p>
   </div>
  </div>
 </body>
</html>
