<?xml version="1.0" encoding="UTF-8"?>
<!DOCTYPE html PUBLIC "-//W3C//DTD XHTML 1.0 Transitional//EN"
    "http://www.w3.org/TR/xhtml1/DTD/xhtml1-transitional.dtd">
<html xmlns="http://www.w3.org/1999/xhtml" xml:lang="en" lang="en">
 <head>
  <title>
</title>
<meta http-equiv="Content-Type" content="text/html;charset=utf-8" />
  <meta name='ocr-system' content='tesseract 3.04.00' />
  <meta name='ocr-capabilities' content='ocr_page ocr_carea ocr_par ocr_line ocrx_word'/>
</head>
<body>
  <div class='ocr_page' id='page_1' title='image "./legisdvodecimta00schgoog_0049.png"; bbox 0 0 3709 5634; ppageno 0'>
   <div class='ocr_carea' id='block_1_1' title="bbox 444 625 1455 716">
    <p class='ocr_par' dir='ltr' id='par_1_1' title="bbox 444 625 1455 716">
     <span class='ocr_line' id='line_1_1' title="bbox 444 625 1455 716; baseline 0.006 -31"><span class='ocrx_word' id='word_1_1' title='bbox 444 638 493 686; x_wconf 82' lang='lat' dir='ltr'><strong>nu</strong></span> <span class='ocrx_word' id='word_1_2' title='bbox 514 637 710 687; x_wconf 84' lang='lat' dir='ltr'><strong>vsusnrsvs</strong></span> <span class='ocrx_word' id='word_1_3' title='bbox 731 637 783 686; x_wconf 85' lang='lat' dir='ltr'><strong>xu</strong></span> <span class='ocrx_word' id='word_1_4' title='bbox 806 637 1021 688; x_wconf 75' lang='lat' dir='ltr'><strong>rssvnnnvu</strong></span> <span class='ocrx_word' id='word_1_5' title='bbox 1042 637 1328 691; x_wconf 78' lang='lat' dir='ltr'><strong>mrsarnsrisvs.</strong></span> <span class='ocrx_word' id='word_1_6' title='bbox 1413 625 1455 716; x_wconf 81' lang='lat'><strong>31</strong></span> 
     </span>
    </p>
   </div>
   <div class='ocr_carea' id='block_1_2' title="bbox 271 790 1526 4156">
    <p class='ocr_par' dir='ltr' id='par_1_2' title="bbox 308 790 1457 1084">
     <span class='ocr_line' id='line_1_2' title="bbox 308 790 1457 882; baseline 0.002 -23"><span class='ocrx_word' id='word_1_7' title='bbox 308 791 406 859; x_wconf 86' lang='lat' dir='ltr'><strong>fallor</strong></span> <span class='ocrx_word' id='word_1_8' title='bbox 426 791 648 878; x_wconf 88' lang='lat' dir='ltr'><strong>adscripscrat</strong></span> <span class='ocrx_word' id='word_1_9' title='bbox 668 790 757 858; x_wconf 89' lang='lat' dir='ltr'><strong>Aelii</strong></span> <span class='ocrx_word' id='word_1_10' title='bbox 777 814 913 876; x_wconf 85' lang='lat' dir='ltr'><strong>nomen,</strong></span> <span class='ocrx_word' id='word_1_11' title='bbox 940 793 998 859; x_wconf 90' lang='lat' dir='ltr'><strong>sed</strong></span> <span class='ocrx_word' id='word_1_12' title='bbox 1019 793 1114 868; x_wconf 83' lang='lat' dir='ltr'><strong>Lucii</strong></span> <span class='ocrx_word' id='word_1_13' title='bbox 1140 793 1195 860; x_wconf 88' lang='lat' dir='ltr'><strong>ille</strong></span> <span class='ocrx_word' id='word_1_14' title='bbox 1214 794 1363 882; x_wconf 86' lang='lat' dir='ltr'><strong>quidem,</strong></span> <span class='ocrx_word' id='word_1_15' title='bbox 1389 817 1457 863; x_wconf 89' lang='lat' dir='ltr'><strong>non</strong></span> 
     </span>
     <span class='ocr_line' id='line_1_3' title="bbox 308 886 1455 986; baseline 0.003 -24"><span class='ocrx_word' id='word_1_16' title='bbox 308 886 416 963; x_wconf 77' lang='lat' dir='ltr'><strong>Sexti.</strong></span> <span class='ocrx_word' id='word_1_17' title='bbox 445 893 539 960; x_wconf 89' lang='lat' dir='ltr'><strong>Illius</strong></span> <span class='ocrx_word' id='word_1_18' title='bbox 560 895 661 980; x_wconf 85' lang='lat' dir='ltr'><strong>igitur</strong></span> <span class='ocrx_word' id='word_1_19' title='bbox 681 894 752 962; x_wconf 83' lang='lat' dir='ltr'><strong>XII</strong></span> <span class='ocrx_word' id='word_1_20' title='bbox 771 894 961 961; x_wconf 88' lang='lat' dir='ltr'><strong>tabularum</strong></span> <span class='ocrx_word' id='word_1_21' title='bbox 981 896 1284 984; x_wconf 81' lang='lat' dir='ltr'><strong>interpretationem</strong></span> <span class='ocrx_word' id='word_1_22' title='bbox 1304 899 1359 965; x_wconf 90' lang='lat' dir='ltr'><strong>hic</strong></span> <span class='ocrx_word' id='word_1_23' title='bbox 1378 921 1455 986; x_wconf 93' lang='lat' dir='ltr'><strong>quo-</strong></span> 
     </span>
     <span class='ocr_line' id='line_1_4' title="bbox 308 995 647 1084; baseline 0 -22"><span class='ocrx_word' id='word_1_24' title='bbox 308 1015 371 1084; x_wconf 89' lang='lat' dir='ltr'><strong>que</strong></span> <span class='ocrx_word' id='word_1_25' title='bbox 386 1019 611 1083; x_wconf 82' lang='lat' dir='ltr'><strong>agnoscemus.</strong></span> <span class='ocrx_word' id='word_1_26' title='bbox 621 995 647 1081; x_wconf 87' lang='lat'><strong>¹)</strong></span> 
     </span>
    </p>

    <p class='ocr_par' dir='ltr' id='par_1_3' title="bbox 271 1099 1526 4047">
     <span class='ocr_line' id='line_1_5' title="bbox 392 1099 1473 1169; baseline 0.005 -5"><span class='ocrx_word' id='word_1_27' title='bbox 392 1099 470 1165; x_wconf 88' lang='lat' dir='ltr'><strong>Huc</strong></span> <span class='ocrx_word' id='word_1_28' title='bbox 490 1099 609 1165; x_wconf 87' lang='lat' dir='ltr'><strong>deinde</strong></span> <span class='ocrx_word' id='word_1_29' title='bbox 629 1101 832 1166; x_wconf 87' lang='lat' dir='ltr'><strong>revocandus</strong></span> <span class='ocrx_word' id='word_1_30' title='bbox 859 1109 908 1164; x_wconf 90' lang='lat' dir='ltr'><strong>est</strong></span> <span class='ocrx_word' id='word_1_31' title='bbox 935 1099 1218 1166; x_wconf 84' lang='lat' dir='ltr'><strong>locusPlinianus</strong></span> <span class='ocrx_word' id='word_1_32' title='bbox 1239 1102 1281 1167; x_wconf 91' lang='lat' dir='ltr'><strong>N.</strong></span> <span class='ocrx_word' id='word_1_33' title='bbox 1303 1102 1347 1168; x_wconf 88' lang='lat' dir='ltr'><strong>H.</strong></span> <span class='ocrx_word' id='word_1_34' title='bbox 1371 1103 1473 1169; x_wconf 77' lang='lat' dir='ltr'><strong>xlv.</strong></span> 
     </span>
     <span class='ocr_line' id='line_1_6' title="bbox 308 1203 1454 1291; baseline 0.004 -24"><span class='ocrx_word' id='word_1_35' title='bbox 308 1203 350 1267; x_wconf 87' lang='grc'><strong>92</strong></span> <span class='ocrx_word' id='word_1_36' title='bbox 365 1224 413 1289; x_wconf 89' lang='lat' dir='ltr'><strong>sq.</strong></span> <span class='ocrx_word' id='word_1_37' title='bbox 432 1207 625 1268; x_wconf 70' lang='lat' dir='ltr'><strong>‘Lummsimu</strong></span> <span class='ocrx_word' id='word_1_38' title='bbox 645 1207 730 1282; x_wconf 84' lang='lat' dir='ltr'><strong>apud</strong></span> <span class='ocrx_word' id='word_1_39' title='bbox 746 1209 862 1282; x_wconf 74' lang='lat' dir='ltr'><strong>pratens</strong></span> <span class='ocrx_word' id='word_1_40' title='bbox 882 1208 953 1267; x_wconf 82' lang='lat' dir='ltr'><strong>ulna</strong></span> <span class='ocrx_word' id='word_1_41' title='bbox 974 1212 1064 1267; x_wconf 86' lang='lat' dir='ltr'><strong>eruut</strong></span> <span class='ocrx_word' id='word_1_42' title='bbox 1082 1224 1206 1270; x_wconf 83' lang='lat' dir='ltr'><strong>murrae</strong></span> <span class='ocrx_word' id='word_1_43' title='bbox 1219 1209 1311 1270; x_wconf 85' lang='lat' dir='ltr'><strong>odore</strong></span> <span class='ocrx_word' id='word_1_44' title='bbox 1324 1212 1454 1291; x_wconf 76' lang='lat' dir='ltr'><strong>conditu,</strong></span> 
     </span>
     <span class='ocr_line' id='line_1_7' title="bbox 308 1309 1455 1386; baseline 0.003 -17"><span class='ocrx_word' id='word_1_45' title='bbox 308 1316 340 1369; x_wconf 85' lang='lat' dir='ltr'><strong>ut</strong></span> <span class='ocrx_word' id='word_1_46' title='bbox 359 1310 539 1385; x_wconf 76' lang='lat' dir='ltr'><strong>apparetur</strong></span> <span class='ocrx_word' id='word_1_47' title='bbox 558 1310 661 1370; x_wconf 81' lang='lat' dir='ltr'><strong>Plauti</strong></span> <span class='ocrx_word' id='word_1_48' title='bbox 679 1309 789 1383; x_wconf 73' lang='lat' dir='ltr'><strong>subula</strong></span> <span class='ocrx_word' id='word_1_49' title='bbox 809 1326 887 1386; x_wconf 77' lang='lat' dir='ltr'><strong>quae</strong></span> <span class='ocrx_word' id='word_1_50' title='bbox 901 1311 997 1370; x_wconf 84' lang='lat' dir='ltr'><strong><em>Persa</em></strong></span> <span class='ocrx_word' id='word_1_51' title='bbox 1016 1310 1245 1370; x_wconf 68' lang='lat' dir='ltr'><strong>inscribitur...</strong></span> <span class='ocrx_word' id='word_1_52' title='bbox 1283 1311 1455 1374; x_wconf 66' lang='lat' dir='ltr'><strong>&amp;deuotum</strong></span> 
     </span>
     <span class='ocr_line' id='line_1_8' title="bbox 308 1412 1455 1488; baseline 0.003 -15"><span class='ocrx_word' id='word_1_53' title='bbox 308 1428 423 1488; x_wconf 79' lang='lat' dir='ltr'><strong>quoque</strong></span> <span class='ocrx_word' id='word_1_54' title='bbox 442 1418 472 1472; x_wconf 83' lang='lat' dir='ltr'><strong>et</strong></span> <span class='ocrx_word' id='word_1_55' title='bbox 489 1412 625 1474; x_wconf 83' lang='lat' dir='ltr'><strong>Laelium</strong></span> <span class='ocrx_word' id='word_1_56' title='bbox 644 1418 674 1473; x_wconf 85' lang='lat' dir='ltr'><strong>et</strong></span> <span class='ocrx_word' id='word_1_57' title='bbox 687 1414 802 1473; x_wconf 79' lang='lat' dir='ltr'><strong>Ateium</strong></span> <span class='ocrx_word' id='word_1_58' title='bbox 826 1413 997 1488; x_wconf 77' lang='lat' dir='ltr'><em>Capitonem</em></span> <span class='ocrx_word' id='word_1_59' title='bbox 1017 1414 1049 1472; x_wconf 81' lang='lat' dir='ltr'><strong>im</strong></span> <span class='ocrx_word' id='word_1_60' title='bbox 1069 1414 1174 1473; x_wconf 88' lang='lat' dir='ltr'><strong>eudem</strong></span> <span class='ocrx_word' id='word_1_61' title='bbox 1194 1417 1338 1474; x_wconf 76' lang='lat' dir='ltr'><strong>sententia</strong></span> <span class='ocrx_word' id='word_1_62' title='bbox 1357 1415 1455 1488; x_wconf 78' lang='lat' dir='ltr'><strong>fuisse</strong></span> 
     </span>
     <span class='ocr_line' id='line_1_9' title="bbox 307 1515 1523 1606; baseline 0.003 -32"><span class='ocrx_word' id='word_1_63' title='bbox 307 1516 406 1592; x_wconf 79' lang='lat' dir='ltr'><strong>uideo,</strong></span> <span class='ocrx_word' id='word_1_64' title='bbox 423 1517 562 1590; x_wconf 80' lang='lat' dir='ltr'><strong>quonium</strong></span> <span class='ocrx_word' id='word_1_65' title='bbox 581 1517 613 1574; x_wconf 83' lang='lat' dir='ltr'><strong>im</strong></span> <span class='ocrx_word' id='word_1_66' title='bbox 627 1516 772 1579; x_wconf 79' lang='lat' dir='ltr'><em>Pseudolo</em></span> <span class='ocrx_word' id='word_1_67' title='bbox 791 1517 831 1575; x_wconf 81' lang='lat' dir='ltr'><strong>sit</strong></span> <span class='ocrx_word' id='word_1_68' title='bbox 844 1515 976 1591; x_wconf 78' lang='lat' dir='ltr'><strong>“quodsi</strong></span> <span class='ocrx_word' id='word_1_69' title='bbox 993 1531 1068 1590; x_wconf 83' lang='lat' dir='ltr'><strong>opus</strong></span> <span class='ocrx_word' id='word_1_70' title='bbox 1088 1517 1156 1593; x_wconf 81' lang='lat' dir='ltr'><strong>siet,</strong></span> <span class='ocrx_word' id='word_1_71' title='bbox 1179 1522 1212 1576; x_wconf 82' lang='lat' dir='ltr'><strong>ut</strong></span> <span class='ocrx_word' id='word_1_72' title='bbox 1231 1517 1318 1577; x_wconf 82' lang='lat' dir='ltr'><em>dulce</em></span> <span class='ocrx_word' id='word_1_73' title='bbox 1333 1527 1457 1593; x_wconf 77' lang='lat' dir='ltr'><strong>promul</strong></span> <span class='ocrx_word' id='word_1_74' title='bbox 1517 1589 1523 1606; x_wconf 97' lang='lat'><strong>.</strong></span> 
     </span>
     <span class='ocr_line' id='line_1_10' title="bbox 307 1613 1452 1700; baseline 0.003 -23"><span class='ocrx_word' id='word_1_75' title='bbox 307 1618 457 1697; x_wconf 78' lang='lat' dir='ltr'><em>indidem,</em></span> <span class='ocrx_word' id='word_1_76' title='bbox 472 1618 581 1693; x_wconf 79' lang='lat' dir='ltr'><em>ecquid</em></span> <span class='ocrx_word' id='word_1_77' title='bbox 599 1613 707 1677; x_wconf 79' lang='lat' dir='ltr'><strong>tabet?</strong></span> <span class='ocrx_word' id='word_1_78' title='bbox 722 1637 749 1678; x_wconf 91' lang='lat'><strong>::</strong></span> <span class='ocrx_word' id='word_1_79' title='bbox 767 1614 891 1692; x_wconf 70' lang='grc'>1119117</span> <span class='ocrx_word' id='word_1_80' title='bbox 911 1619 1120 1691; x_wconf 82' lang='lat' dir='ltr'><strong>Murrm&#39;rmm,</strong></span> <span class='ocrx_word' id='word_1_81' title='bbox 1131 1633 1271 1694; x_wconf 81' lang='lat' dir='ltr'><strong>passum,</strong></span> <span class='ocrx_word' id='word_1_82' title='bbox 1287 1619 1452 1700; x_wconf 77' lang='lat' dir='ltr'><strong>defrutum,</strong></span> 
     </span>
     <span class='ocr_line' id='line_1_11' title="bbox 306 1715 1451 1803; baseline 0.003 -22"><span class='ocrx_word' id='word_1_83' title='bbox 306 1723 433 1781; x_wconf 82' lang='lat' dir='ltr'><strong>meltu.&#39;&#39;</strong></span> <span class='ocrx_word' id='word_1_84' title='bbox 449 1715 523 1797; x_wconf 78' lang='lat' dir='ltr'><strong>Quo</strong></span> <span class='ocrx_word' id='word_1_85' title='bbox 535 1715 607 1782; x_wconf 90' lang='lat' dir='ltr'><strong>loco</strong></span> <span class='ocrx_word' id='word_1_86' title='bbox 618 1738 677 1802; x_wconf 89' lang='lat' dir='ltr'><strong>pro</strong></span> <span class='ocrx_word' id='word_1_87' title='bbox 692 1715 805 1782; x_wconf 92' lang='lat' dir='ltr'><strong>Laelio</strong></span> <span class='ocrx_word' id='word_1_88' title='bbox 818 1716 858 1781; x_wconf 88' lang='lat' dir='ltr'><strong>L.</strong></span> <span class='ocrx_word' id='word_1_89' title='bbox 870 1715 1002 1781; x_wconf 92' lang='lat' dir='ltr'><strong>Aelium</strong></span> <span class='ocrx_word' id='word_1_90' title='bbox 1016 1723 1093 1803; x_wconf 89' lang='lat' dir='ltr'><strong>post</strong></span> <span class='ocrx_word' id='word_1_91' title='bbox 1102 1715 1300 1781; x_wconf 88' lang='lat' dir='ltr'><strong>Maiansium</strong></span> <span class='ocrx_word' id='word_1_92' title='bbox 1317 1719 1451 1785; x_wconf 83' lang='lat' dir='ltr'><strong>reduxit</strong></span> 
     </span>
     <span class='ocr_line' id='line_1_12' title="bbox 306 1817 1453 1905; baseline 0.002 -21"><span class='ocrx_word' id='word_1_93' title='bbox 306 1839 372 1884; x_wconf 86' lang='lat' dir='ltr'><strong>van</strong></span> <span class='ocrx_word' id='word_1_94' title='bbox 380 1817 560 1903; x_wconf 79' lang='lat' dir='ltr'><strong>Hemdins,</strong></span> <span class='ocrx_word' id='word_1_95' title='bbox 572 1818 732 1884; x_wconf 89' lang='lat' dir='ltr'><strong>Aelium</strong></span> <span class='ocrx_word' id='word_1_96' title='bbox 744 1818 936 1905; x_wconf 87' lang='lat' dir='ltr'><strong>simpliciter</strong></span> <span class='ocrx_word' id='word_1_97' title='bbox 947 1827 981 1883; x_wconf 89' lang='lat' dir='ltr'><strong>et</strong></span> <span class='ocrx_word' id='word_1_98' title='bbox 991 1819 1142 1884; x_wconf 87' lang='lat' dir='ltr'><strong>codicum</strong></span> <span class='ocrx_word' id='word_1_99' title='bbox 1153 1819 1298 1905; x_wconf 91' lang='lat' dir='ltr'><strong>episcopi</strong></span> <span class='ocrx_word' id='word_1_100' title='bbox 1305 1820 1453 1886; x_wconf 85' lang='lat' dir='ltr'><strong>Alaricu-</strong></span> 
     </span>
     <span class='ocr_line' id='line_1_13' title="bbox 307 1911 1452 2001; baseline 0.001 -15"><span class='ocrx_word' id='word_1_101' title='bbox 307 1922 351 1986; x_wconf 87' lang='lat' dir='ltr'><strong>sis</strong></span> <span class='ocrx_word' id='word_1_102' title='bbox 373 1911 494 1988; x_wconf 64' lang='lat' dir='ltr'><strong>fiddet</strong></span> <span class='ocrx_word' id='word_1_103' title='bbox 507 1930 679 1988; x_wconf 88' lang='lat' dir='ltr'><strong>auctorum</strong></span> <span class='ocrx_word' id='word_1_104' title='bbox 700 1921 808 1987; x_wconf 91' lang='lat' dir='ltr'><strong>indice</strong></span> <span class='ocrx_word' id='word_1_105' title='bbox 823 1920 1080 2001; x_wconf 87' lang='lat' dir='ltr'><strong>Plinianonisus</strong></span> <span class='ocrx_word' id='word_1_106' title='bbox 1096 1921 1241 1986; x_wconf 79' lang='lat' dir='ltr'><strong>restituit</strong></span> <span class='ocrx_word' id='word_1_107' title='bbox 1254 1919 1452 1988; x_wconf 88' lang='lat' dir='ltr'><strong>Ritschelius</strong></span> 
     </span>
     <span class='ocr_line' id='line_1_14' title="bbox 306 2021 1452 2110; baseline 0.003 -22"><span class='ocrx_word' id='word_1_108' title='bbox 306 2024 443 2109; x_wconf 88' lang='lat' dir='ltr'><strong>Parerg.</strong></span> <span class='ocrx_word' id='word_1_109' title='bbox 459 2021 477 2088; x_wconf 94' lang='grc' dir='ltr'><strong>Ι</strong></span> <span class='ocrx_word' id='word_1_110' title='bbox 490 2045 523 2110; x_wconf 94' lang='lat' dir='ltr'><strong>p.</strong></span> <span class='ocrx_word' id='word_1_111' title='bbox 539 2024 601 2089; x_wconf 87' lang='grc'><strong>371</strong></span> <span class='ocrx_word' id='word_1_112' title='bbox 618 2046 667 2110; x_wconf 86' lang='lat' dir='ltr'><strong>sq.</strong></span> <span class='ocrx_word' id='word_1_113' title='bbox 689 2023 751 2088; x_wconf 80' lang='lat' dir='ltr'><strong>Cui</strong></span> <span class='ocrx_word' id='word_1_114' title='bbox 766 2033 800 2090; x_wconf 90' lang='lat' dir='ltr'><strong>et</strong></span> <span class='ocrx_word' id='word_1_115' title='bbox 813 2023 876 2088; x_wconf 89' lang='lat' dir='ltr'><strong>hac</strong></span> <span class='ocrx_word' id='word_1_116' title='bbox 890 2024 925 2088; x_wconf 94' lang='lat' dir='ltr'><strong>in</strong></span> <span class='ocrx_word' id='word_1_117' title='bbox 939 2045 975 2088; x_wconf 88' lang='lat' dir='ltr'><strong>re</strong></span> <span class='ocrx_word' id='word_1_118' title='bbox 990 2023 1153 2089; x_wconf 84' lang='lat' dir='ltr'><strong>assentior</strong></span> <span class='ocrx_word' id='word_1_119' title='bbox 1167 2032 1200 2088; x_wconf 88' lang='lat' dir='ltr'><strong>et</strong></span> <span class='ocrx_word' id='word_1_120' title='bbox 1215 2023 1303 2110; x_wconf 87' lang='lat' dir='ltr'><strong>quod</strong></span> <span class='ocrx_word' id='word_1_121' title='bbox 1319 2024 1360 2089; x_wconf 88' lang='lat' dir='ltr'><strong>de</strong></span> <span class='ocrx_word' id='word_1_122' title='bbox 1376 2025 1452 2091; x_wconf 86' lang='lat' dir='ltr'><strong>Sex.</strong></span> 
     </span>
     <span class='ocr_line' id='line_1_15' title="bbox 306 2113 1453 2211; baseline 0.001 -19"><span class='ocrx_word' id='word_1_123' title='bbox 306 2125 403 2192; x_wconf 91' lang='lat' dir='ltr'><strong>Aelio</strong></span> <span class='ocrx_word' id='word_1_124' title='bbox 418 2147 485 2191; x_wconf 89' lang='lat' dir='ltr'><strong>non</strong></span> <span class='ocrx_word' id='word_1_125' title='bbox 498 2127 572 2192; x_wconf 70' lang='lat' dir='ltr'><strong>esde</strong></span> <span class='ocrx_word' id='word_1_126' title='bbox 592 2148 667 2191; x_wconf 88' lang='lat' dir='ltr'><strong>cum</strong></span> <span class='ocrx_word' id='word_1_127' title='bbox 681 2125 855 2192; x_wconf 87' lang='lat' dir='ltr'><strong>Harduino</strong></span> <span class='ocrx_word' id='word_1_128' title='bbox 875 2124 1086 2211; x_wconf 87' lang='lat' dir='ltr'><strong>cogitandum</strong></span> <span class='ocrx_word' id='word_1_129' title='bbox 1107 2120 1323 2192; x_wconf 66' lang='lat' dir='ltr'><strong>docuitz&#39;non</strong></span> <span class='ocrx_word' id='word_1_130' title='bbox 1343 2113 1453 2192; x_wconf 82' lang='lat' dir='ltr'><strong>assen-</strong></span> 
     </span>
     <span class='ocr_line' id='line_1_16' title="bbox 306 2225 1451 2316; baseline 0 -22"><span class='ocrx_word' id='word_1_131' title='bbox 306 2229 381 2311; x_wconf 85' lang='lat' dir='ltr'><strong>tior,</strong></span> <span class='ocrx_word' id='word_1_132' title='bbox 397 2227 487 2316; x_wconf 89' lang='lat' dir='ltr'><strong>quod</strong></span> <span class='ocrx_word' id='word_1_133' title='bbox 497 2227 753 2294; x_wconf 75' lang='lat' dir='ltr'><strong>iureconsultum</strong></span> <span class='ocrx_word' id='word_1_134' title='bbox 767 2225 1024 2313; x_wconf 89' lang='lat' dir='ltr'><strong>intellegendum</strong></span> <span class='ocrx_word' id='word_1_135' title='bbox 1036 2249 1108 2292; x_wconf 89' lang='lat' dir='ltr'><strong>esse</strong></span> <span class='ocrx_word' id='word_1_136' title='bbox 1121 2249 1259 2313; x_wconf 91' lang='lat' dir='ltr'><strong>eumque</strong></span> <span class='ocrx_word' id='word_1_137' title='bbox 1275 2228 1311 2292; x_wconf 86' lang='lat' dir='ltr'><strong>C.</strong></span> <span class='ocrx_word' id='word_1_138' title='bbox 1321 2229 1451 2294; x_wconf 87' lang='lat' dir='ltr'><strong>Aelium</strong></span> 
     </span>
     <span class='ocr_line' id='line_1_17' title="bbox 305 2329 1449 2412; baseline 0 -16"><span class='ocrx_word' id='word_1_139' title='bbox 305 2329 445 2396; x_wconf 79' lang='lat' dir='ltr'><strong>Gallum</strong></span> <span class='ocrx_word' id='word_1_140' title='bbox 453 2329 668 2396; x_wconf 84' lang='lat' dir='ltr'><strong>existimavit.</strong></span> <span class='ocrx_word' id='word_1_141' title='bbox 699 2330 789 2412; x_wconf 79' lang='lat' dir='ltr'><strong>Quid</strong></span> <span class='ocrx_word' id='word_1_142' title='bbox 804 2331 892 2395; x_wconf 92' lang='lat' dir='ltr'><strong>enim</strong></span> <span class='ocrx_word' id='word_1_143' title='bbox 907 2339 968 2412; x_wconf 84' lang='lat' dir='ltr'><strong>est,</strong></span> <span class='ocrx_word' id='word_1_144' title='bbox 984 2353 1043 2394; x_wconf 91' lang='lat' dir='ltr'><strong>cur</strong></span> <span class='ocrx_word' id='word_1_145' title='bbox 1058 2330 1098 2394; x_wconf 91' lang='lat' dir='ltr'><strong>de</strong></span> <span class='ocrx_word' id='word_1_146' title='bbox 1113 2351 1149 2394; x_wconf 89' lang='lat' dir='ltr'><strong>re</strong></span> <span class='ocrx_word' id='word_1_147' title='bbox 1163 2352 1229 2394; x_wconf 88' lang='lat' dir='ltr'><strong>non</strong></span> <span class='ocrx_word' id='word_1_148' title='bbox 1243 2331 1350 2396; x_wconf 90' lang='lat' dir='ltr'><strong>minus</strong></span> <span class='ocrx_word' id='word_1_149' title='bbox 1366 2333 1449 2398; x_wconf 90' lang='lat' dir='ltr'><strong>anti·</strong></span> 
     </span>
     <span class='ocr_line' id='line_1_18' title="bbox 304 2431 1451 2520; baseline 0.002 -22"><span class='ocrx_word' id='word_1_150' title='bbox 304 2434 439 2520; x_wconf 80' lang='lat' dir='ltr'><strong>quitatis</strong></span> <span class='ocrx_word' id='word_1_151' title='bbox 456 2432 613 2498; x_wconf 83' lang='lat' dir='ltr'><strong>scientiae</strong></span> <span class='ocrx_word' id='word_1_152' title='bbox 627 2454 725 2519; x_wconf 90' lang='lat' dir='ltr'><strong>quam</strong></span> <span class='ocrx_word' id='word_1_153' title='bbox 744 2433 825 2498; x_wconf 82' lang='lat' dir='ltr'><strong>iuris</strong></span> <span class='ocrx_word' id='word_1_154' title='bbox 841 2433 975 2519; x_wconf 88' lang='lat' dir='ltr'><strong>propria</strong></span> <span class='ocrx_word' id='word_1_155' title='bbox 995 2441 1136 2518; x_wconf 89' lang='lat' dir='ltr'><strong>nequeat</strong></span> <span class='ocrx_word' id='word_1_156' title='bbox 1156 2432 1243 2496; x_wconf 89' lang='lat' dir='ltr'><strong>inter</strong></span> <span class='ocrx_word' id='word_1_157' title='bbox 1264 2431 1346 2498; x_wconf 89' lang='lat' dir='ltr'><strong>duos</strong></span> <span class='ocrx_word' id='word_1_158' title='bbox 1357 2432 1451 2500; x_wconf 83' lang='lat' dir='ltr'><strong>&#39;iure-</strong></span> 
     </span>
     <span class='ocr_line' id='line_1_19' title="bbox 305 2532 1451 2620; baseline 0.003 -22"><span class='ocrx_word' id='word_1_159' title='bbox 305 2534 472 2602; x_wconf 81' lang='lat' dir='ltr'><strong>consultus</strong></span> <span class='ocrx_word' id='word_1_160' title='bbox 493 2536 593 2600; x_wconf 90' lang='lat' dir='ltr'><strong>etiam</strong></span> <span class='ocrx_word' id='word_1_161' title='bbox 613 2537 845 2620; x_wconf 89' lang='lat' dir='ltr'><strong>grammaticus</strong></span> <span class='ocrx_word' id='word_1_162' title='bbox 866 2535 962 2601; x_wconf 90' lang='lat' dir='ltr'><strong>homo</strong></span> <span class='ocrx_word' id='word_1_163' title='bbox 985 2533 1050 2598; x_wconf 91' lang='lat' dir='ltr'><strong>dici</strong></span> <span class='ocrx_word' id='word_1_164' title='bbox 1070 2532 1224 2599; x_wconf 91' lang='lat' dir='ltr'><strong>Plautino</strong></span> <span class='ocrx_word' id='word_1_165' title='bbox 1250 2557 1348 2600; x_wconf 87' lang='lat' dir='ltr'><strong>versu</strong></span> <span class='ocrx_word' id='word_1_166' title='bbox 1371 2559 1451 2602; x_wconf 88' lang='lat' dir='ltr'><strong>usus</strong></span> 
     </span>
     <span class='ocr_line' id='line_1_20' title="bbox 304 2635 1449 2724; baseline 0.001 -21"><span class='ocrx_word' id='word_1_167' title='bbox 304 2661 375 2703; x_wconf 86' lang='lat' dir='ltr'><strong>esse</strong></span> <span class='ocrx_word' id='word_1_168' title='bbox 390 2637 435 2703; x_wconf 89' lang='lat' dir='ltr'><strong>ad</strong></span> <span class='ocrx_word' id='word_1_169' title='bbox 450 2636 761 2703; x_wconf 81' lang='lat' dir='ltr'><strong>demonstrandum?</strong></span> <span class='ocrx_word' id='word_1_170' title='bbox 782 2637 897 2724; x_wconf 87' lang='lat' dir='ltr'><strong>Neque</strong></span> <span class='ocrx_word' id='word_1_171' title='bbox 912 2637 998 2702; x_wconf 92' lang='lat' dir='ltr'><strong>enim</strong></span> <span class='ocrx_word' id='word_1_172' title='bbox 1014 2635 1100 2722; x_wconf 88' lang='lat' dir='ltr'><strong>quod</strong></span> <span class='ocrx_word' id='word_1_173' title='bbox 1116 2636 1372 2720; x_wconf 85' lang='lat' dir='ltr'><strong>supravidimus</strong></span> <span class='ocrx_word' id='word_1_174' title='bbox 1388 2638 1449 2704; x_wconf 90' lang='lat' dir='ltr'><strong>hae</strong></span> 
     </span>
     <span class='ocr_line' id='line_1_21' title="bbox 299 2737 1450 2827; baseline 0.003 -24"><span class='ocrx_word' id='word_1_175' title='bbox 299 2739 499 2827; x_wconf 75' lang='lat' dir='ltr'><strong>,disciplinae</strong></span> <span class='ocrx_word' id='word_1_176' title='bbox 513 2742 593 2806; x_wconf 87' lang='lat' dir='ltr'><strong>adeo</strong></span> <span class='ocrx_word' id='word_1_177' title='bbox 609 2750 680 2806; x_wconf 92' lang='lat' dir='ltr'><strong>tum</strong></span> <span class='ocrx_word' id='word_1_178' title='bbox 694 2748 867 2827; x_wconf 82' lang='lat' dir='ltr'><strong>separatae</strong></span> <span class='ocrx_word' id='word_1_179' title='bbox 881 2739 967 2803; x_wconf 92' lang='lat' dir='ltr'><strong>inter</strong></span> <span class='ocrx_word' id='word_1_180' title='bbox 982 2759 1015 2803; x_wconf 95' lang='lat' dir='ltr'><strong>se</strong></span> <span class='ocrx_word' id='word_1_181' title='bbox 1030 2737 1172 2814; x_wconf 88' lang='lat' dir='ltr'><strong>fuerunt.</strong></span> <span class='ocrx_word' id='word_1_182' title='bbox 1199 2738 1328 2820; x_wconf 78' lang='lat' dir='ltr'><strong>Quodsi</strong></span> <span class='ocrx_word' id='word_1_183' title='bbox 1342 2742 1450 2806; x_wconf 86' lang='lat' dir='ltr'><strong>acrius</strong></span> 
     </span>
     <span class='ocr_line' id='line_1_22' title="bbox 304 2839 1456 2929; baseline 0.003 -24"><span class='ocrx_word' id='word_1_184' title='bbox 304 2843 423 2924; x_wconf 70' lang='lat' dir='ltr'><strong>instas.</strong></span> <span class='ocrx_word' id='word_1_185' title='bbox 432 2852 564 2928; x_wconf 87' lang='lat' dir='ltr'><strong>praesto</strong></span> <span class='ocrx_word' id='word_1_186' title='bbox 580 2853 631 2908; x_wconf 91' lang='lat' dir='ltr'><strong>est</strong></span> <span class='ocrx_word' id='word_1_187' title='bbox 644 2843 718 2929; x_wconf 91' lang='lat' dir='ltr'><strong>ipsa</strong></span> <span class='ocrx_word' id='word_1_188' title='bbox 732 2841 804 2907; x_wconf 88' lang='lat' dir='ltr'><strong>XII</strong></span> <span class='ocrx_word' id='word_1_189' title='bbox 818 2839 1006 2906; x_wconf 87' lang='lat' dir='ltr'><strong>tabularum</strong></span> <span class='ocrx_word' id='word_1_190' title='bbox 1017 2840 1244 2926; x_wconf 90' lang='lat' dir='ltr'><strong>interpretatio</strong></span> <span class='ocrx_word' id='word_1_191' title='bbox 1257 2863 1265 2924; x_wconf 80' lang='lat'><em>3</em></span> <span class='ocrx_word' id='word_1_192' title='bbox 1281 2842 1315 2905; x_wconf 94' lang='lat' dir='ltr'><strong>in</strong></span> <span class='ocrx_word' id='word_1_193' title='bbox 1331 2843 1456 2928; x_wconf 69' lang='lat' dir='ltr'><strong>quibus⁸</strong></span> 
     </span>
     <span class='ocr_line' id='line_1_23' title="bbox 304 2939 1447 3032; baseline 0 -23"><span class='ocrx_word' id='word_1_194' title='bbox 304 2953 435 3009; x_wconf 88' lang='lat' dir='ltr'><strong>cautum</strong></span> <span class='ocrx_word' id='word_1_195' title='bbox 459 2944 541 3026; x_wconf 85' lang='lat' dir='ltr'><strong>fuit,</strong></span> <span class='ocrx_word' id='word_1_196' title='bbox 564 2966 606 3009; x_wconf 92' lang='lat' dir='ltr'><strong>ne</strong></span> <span class='ocrx_word' id='word_1_197' title='bbox 625 2939 771 3010; x_wconf 83' lang='lat' dir='ltr'><strong>murrata</strong></span> <span class='ocrx_word' id='word_1_198' title='bbox 795 2944 886 3031; x_wconf 91' lang='lat' dir='ltr'><strong>potio</strong></span> <span class='ocrx_word' id='word_1_199' title='bbox 906 2952 1034 3007; x_wconf 90' lang='lat' dir='ltr'><strong>mortuo</strong></span> <span class='ocrx_word' id='word_1_200' title='bbox 1062 2941 1230 3007; x_wconf 87' lang='lat' dir='ltr'><strong>inderetur</strong></span> <span class='ocrx_word' id='word_1_201' title='bbox 1250 2943 1370 3025; x_wconf 89' lang='lat' dir='ltr'><strong>(Varro</strong></span> <span class='ocrx_word' id='word_1_202' title='bbox 1395 2967 1447 3032; x_wconf 91' lang='lat' dir='ltr'><strong>ap.</strong></span> 
     </span>
     <span class='ocr_line' id='line_1_24' title="bbox 302 3043 1449 3135; baseline -0.001 -24"><span class='ocrx_word' id='word_1_203' title='bbox 302 3047 436 3135; x_wconf 81' lang='lat' dir='ltr'><strong>Festum</strong></span> <span class='ocrx_word' id='word_1_204' title='bbox 451 3069 483 3132; x_wconf 94' lang='lat' dir='ltr'><strong>p.</strong></span> <span class='ocrx_word' id='word_1_205' title='bbox 502 3046 562 3113; x_wconf 83' lang='lat'><strong>158</strong></span> <span class='ocrx_word' id='word_1_206' title='bbox 577 3047 654 3131; x_wconf 90' lang='lat' dir='ltr'><strong>M.):</strong></span> <span class='ocrx_word' id='word_1_207' title='bbox 677 3056 776 3132; x_wconf 89' lang='lat' dir='ltr'><strong>atque</strong></span> <span class='ocrx_word' id='word_1_208' title='bbox 790 3046 824 3110; x_wconf 93' lang='lat' dir='ltr'><strong>id</strong></span> <span class='ocrx_word' id='word_1_209' title='bbox 838 3047 947 3131; x_wconf 90' lang='lat' dir='ltr'><strong>ipsum</strong></span> <span class='ocrx_word' id='word_1_210' title='bbox 961 3044 1028 3108; x_wconf 90' lang='lat' dir='ltr'><strong>iam</strong></span> <span class='ocrx_word' id='word_1_211' title='bbox 1044 3043 1275 3110; x_wconf 82' lang='lat' dir='ltr'><strong>Gothofredus.</strong></span> <span class='ocrx_word' id='word_1_212' title='bbox 1285 3045 1328 3110; x_wconf 91' lang='lat' dir='ltr'><strong>ad</strong></span> <span class='ocrx_word' id='word_1_213' title='bbox 1342 3047 1449 3112; x_wconf 89' lang='lat' dir='ltr'><strong>locum</strong></span> 
     </span>
     <span class='ocr_line' id='line_1_25' title="bbox 302 3146 1448 3234; baseline 0.001 -22"><span class='ocrx_word' id='word_1_214' title='bbox 302 3148 490 3212; x_wconf 91' lang='lat' dir='ltr'><strong>Plinianum</strong></span> <span class='ocrx_word' id='word_1_215' title='bbox 510 3148 662 3214; x_wconf 88' lang='lat' dir='ltr'><strong>adhibuit</strong></span> <span class='ocrx_word' id='word_1_216' title='bbox 682 3149 730 3234; x_wconf 92' lang='lat' dir='ltr'><strong>(in</strong></span> <span class='ocrx_word' id='word_1_217' title='bbox 745 3147 877 3214; x_wconf 90' lang='lat' dir='ltr'><strong>Ottonis</strong></span> <span class='ocrx_word' id='word_1_218' title='bbox 894 3146 994 3212; x_wconf 81' lang='lat' dir='ltr'><strong>Thes.</strong></span> <span class='ocrx_word' id='word_1_219' title='bbox 1010 3147 1064 3212; x_wconf 94' lang='grc' dir='ltr'><strong>ΙΙΙ</strong></span> <span class='ocrx_word' id='word_1_220' title='bbox 1083 3169 1115 3232; x_wconf 91' lang='lat' dir='ltr'><strong>p.</strong></span> <span class='ocrx_word' id='word_1_221' title='bbox 1135 3147 1229 3233; x_wconf 78' lang='lat'>145):</span> <span class='ocrx_word' id='word_1_222' title='bbox 1254 3149 1317 3212; x_wconf 89' lang='lat' dir='ltr'><strong>etsi</strong></span> <span class='ocrx_word' id='word_1_223' title='bbox 1339 3148 1448 3213; x_wconf 90' lang='lat' dir='ltr'><strong>incau-</strong></span> 
     </span>
     <span class='ocr_line' id='line_1_26' title="bbox 302 3249 1449 3342; baseline -0.002 -26"><span class='ocrx_word' id='word_1_224' title='bbox 302 3252 367 3316; x_wconf 90' lang='lat' dir='ltr'><strong>tius</strong></span> <span class='ocrx_word' id='word_1_225' title='bbox 395 3261 488 3316; x_wconf 90' lang='lat' dir='ltr'><strong>ratus</strong></span> <span class='ocrx_word' id='word_1_226' title='bbox 508 3249 666 3342; x_wconf 32' lang='lat' dir='ltr'><strong>Laelium,</strong></span> <span class='ocrx_word' id='word_1_227' title='bbox 678 3249 823 3315; x_wconf 83' lang='lat' dir='ltr'><strong>Felicem</strong></span> <span class='ocrx_word' id='word_1_228' title='bbox 848 3249 1038 3336; x_wconf 86' lang='lat' dir='ltr'><strong>posterioris</strong></span> <span class='ocrx_word' id='word_1_229' title='bbox 1061 3249 1220 3336; x_wconf 90' lang='lat' dir='ltr'><strong>temporis</strong></span> <span class='ocrx_word' id='word_1_230' title='bbox 1248 3249 1449 3316; x_wconf 88' lang='lat' dir='ltr'><strong>iureconsul-</strong></span> 
     </span>
     <span class='ocr_line' id='line_1_27' title="bbox 303 3349 1448 3440; baseline -0.001 -22"><span class='ocrx_word' id='word_1_231' title='bbox 303 3354 404 3440; x_wconf 74' lang='lat' dir='ltr'><strong>tum2)</strong></span> <span class='ocrx_word' id='word_1_232' title='bbox 421 3354 488 3418; x_wconf 90' lang='lat' dir='ltr'><strong>ista</strong></span> <span class='ocrx_word' id='word_1_233' title='bbox 501 3351 583 3439; x_wconf 90' lang='lat' dir='ltr'><strong>legis</strong></span> <span class='ocrx_word' id='word_1_234' title='bbox 599 3353 704 3419; x_wconf 89' lang='lat' dir='ltr'><strong>verba</strong></span> <span class='ocrx_word' id='word_1_235' title='bbox 718 3360 998 3419; x_wconf 82' lang='lat' dir='ltr'><strong>commentantem,</strong></span> <span class='ocrx_word' id='word_1_236' title='bbox 1014 3373 1034 3415; x_wconf 91' lang='lat' dir='ltr'><strong>a</strong></span> <span class='ocrx_word' id='word_1_237' title='bbox 1048 3349 1156 3416; x_wconf 90' lang='lat' dir='ltr'><strong>Plinio</strong></span> <span class='ocrx_word' id='word_1_238' title='bbox 1177 3352 1282 3418; x_wconf 91' lang='lat' dir='ltr'><strong>citari.</strong></span> <span class='ocrx_word' id='word_1_239' title='bbox 1313 3352 1398 3416; x_wconf 88' lang='lat' dir='ltr'><strong>Nam</strong></span> <span class='ocrx_word' id='word_1_240' title='bbox 1413 3353 1448 3418; x_wconf 88' lang='lat' dir='ltr'><strong>id</strong></span> 
     </span>
     <span class='ocr_line' id='line_1_28' title="bbox 304 3453 1447 3542; baseline 0 -22"><span class='ocrx_word' id='word_1_241' title='bbox 304 3456 435 3541; x_wconf 91' lang='lat' dir='ltr'><strong>quidem</strong></span> <span class='ocrx_word' id='word_1_242' title='bbox 450 3453 552 3519; x_wconf 91' lang='lat' dir='ltr'><strong>nolim</strong></span> <span class='ocrx_word' id='word_1_243' title='bbox 566 3477 763 3541; x_wconf 83' lang='lat' dir='ltr'><strong>magnopere</strong></span> <span class='ocrx_word' id='word_1_244' title='bbox 777 3477 910 3540; x_wconf 86' lang='lat' dir='ltr'><strong>urgere,</strong></span> <span class='ocrx_word' id='word_1_245' title='bbox 933 3453 1021 3542; x_wconf 90' lang='lat' dir='ltr'><strong>quod</strong></span> <span class='ocrx_word' id='word_1_246' title='bbox 1037 3476 1079 3518; x_wconf 89' lang='lat' dir='ltr'><strong>ex</strong></span> <span class='ocrx_word' id='word_1_247' title='bbox 1093 3453 1186 3518; x_wconf 87' lang='lat' dir='ltr'><strong>Festi</strong></span> <span class='ocrx_word' id='word_1_248' title='bbox 1200 3453 1272 3520; x_wconf 89' lang='lat' dir='ltr'><strong>loco</strong></span> <span class='ocrx_word' id='word_1_249' title='bbox 1288 3477 1320 3541; x_wconf 91' lang='lat' dir='ltr'><strong>p.</strong></span> <span class='ocrx_word' id='word_1_250' title='bbox 1336 3455 1399 3520; x_wconf 84' lang='grc'><strong>273</strong></span> <span class='ocrx_word' id='word_1_251' title='bbox 1415 3479 1447 3523; x_wconf 86' lang='lat' dir='ltr'><strong>v.</strong></span> 
     </span>
     <span class='ocr_line' id='line_1_29' title="bbox 302 3556 1449 3642; baseline -0.002 -20"><span class='ocrx_word' id='word_1_252' title='bbox 302 3580 393 3642; x_wconf 81' lang='lat' dir='ltr'><strong>reus,</strong></span> <span class='ocrx_word' id='word_1_253' title='bbox 415 3559 473 3624; x_wconf 90' lang='lat' dir='ltr'><strong>ubi</strong></span> <span class='ocrx_word' id='word_1_254' title='bbox 488 3557 575 3622; x_wconf 87' lang='lat' dir='ltr'><strong>Aelii</strong></span> <span class='ocrx_word' id='word_1_255' title='bbox 591 3556 681 3623; x_wconf 79' lang='lat' dir='ltr'><strong>Galli</strong></span> <span class='ocrx_word' id='word_1_256' title='bbox 702 3556 893 3622; x_wconf 86' lang='lat' dir='ltr'><strong>definitione</strong></span> <span class='ocrx_word' id='word_1_257' title='bbox 912 3557 1096 3642; x_wconf 89' lang='lat' dir='ltr'><strong>praemissa</strong></span> <span class='ocrx_word' id='word_1_258' title='bbox 1115 3556 1264 3642; x_wconf 86' lang='lat' dir='ltr'><strong>pergitur</strong></span> <span class='ocrx_word' id='word_1_259' title='bbox 1286 3566 1331 3621; x_wconf 83' lang='lat' dir='ltr'><strong>‘ut</strong></span> <span class='ocrx_word' id='word_1_260' title='bbox 1346 3561 1449 3637; x_wconf 79' lang='lat' dir='ltr'><strong>Cupito</strong></span> 
     </span>
     <span class='ocr_line' id='line_1_30' title="bbox 271 3656 1448 3739; baseline -0.001 -15"><span class='ocrx_word' id='word_1_261' title='bbox 271 3656 275 3662; x_wconf 77' lang='grc'><strong>’</strong></span> <span class='ocrx_word' id='word_1_262' title='bbox 294 3665 402 3729; x_wconf 76' lang='lat' dir='ltr'><strong>Ateius</strong></span> <span class='ocrx_word' id='word_1_263' title='bbox 416 3666 447 3724; x_wconf 80' lang='lat' dir='ltr'><strong>r&#39;u</strong></span> <span class='ocrx_word' id='word_1_264' title='bbox 461 3666 567 3724; x_wconf 86' lang='lat' dir='ltr'><strong>eudem</strong></span> <span class='ocrx_word' id='word_1_265' title='bbox 580 3660 699 3738; x_wconf 76' lang='lat' dir='ltr'><strong>quidem</strong></span> <span class='ocrx_word' id='word_1_266' title='bbox 714 3665 850 3739; x_wconf 80' lang='lat' dir='ltr'><strong>opinione</strong></span> <span class='ocrx_word' id='word_1_267' title='bbox 866 3669 919 3736; x_wconf 83' lang='lat' dir='ltr'><strong>est,</strong></span> <span class='ocrx_word' id='word_1_268' title='bbox 941 3658 996 3722; x_wconf 86' lang='lat' dir='ltr'><strong>sed</strong></span> <span class='ocrx_word' id='word_1_269' title='bbox 1015 3666 1185 3736; x_wconf 80' lang='lat' dir='ltr'><strong>exemplo</strong></span> <span class='ocrx_word' id='word_1_270' title='bbox 1206 3665 1330 3722; x_wconf 75' lang='lat' dir='ltr'><strong>adiuuat</strong></span> <span class='ocrx_word' id='word_1_271' title='bbox 1351 3666 1448 3723; x_wconf 75' lang='lat' dir='ltr'><strong>tuter-</strong></span> 
     </span>
     <span class='ocr_line' id='line_1_31' title="bbox 300 3759 1447 3847; baseline -0.002 -19"><span class='ocrx_word' id='word_1_272' title='bbox 300 3770 505 3847; x_wconf 63' lang='lat' dir='ltr'><strong>pretationem?</strong></span> <span class='ocrx_word' id='word_1_273' title='bbox 520 3762 725 3827; x_wconf 87' lang='lat' dir='ltr'><strong>Mercklinus</strong></span> <span class='ocrx_word' id='word_1_274' title='bbox 740 3761 847 3826; x_wconf 86' lang='lat' dir='ltr'><strong>effecit</strong></span> <span class='ocrx_word' id='word_1_275' title='bbox 863 3759 1133 3843; x_wconf 81' lang='lat' dir='ltr'><strong>(inFleckeiseni</strong></span> <span class='ocrx_word' id='word_1_276' title='bbox 1148 3759 1275 3825; x_wconf 81' lang='lat' dir='ltr'><strong>Annal.</strong></span> <span class='ocrx_word' id='word_1_277' title='bbox 1284 3759 1365 3847; x_wconf 89' lang='lat' dir='ltr'><strong>phil.</strong></span> <span class='ocrx_word' id='word_1_278' title='bbox 1374 3760 1447 3827; x_wconf 81' lang='lat' dir='ltr'><strong>vol.</strong></span> 
     </span>
     <span class='ocr_line' id='line_1_32' title="bbox 303 3859 1526 3953; baseline -0.002 -23"><span class='ocrx_word' id='word_1_279' title='bbox 303 3865 409 3953; x_wconf 90' lang='lat' dir='ltr'><strong>suppl.</strong></span> <span class='ocrx_word' id='word_1_280' title='bbox 424 3864 479 3930; x_wconf 87' lang='lat'><strong>111</strong></span> <span class='ocrx_word' id='word_1_281' title='bbox 493 3887 525 3952; x_wconf 96' lang='lat' dir='ltr'><strong>p.</strong></span> <span class='ocrx_word' id='word_1_282' title='bbox 541 3864 618 3950; x_wconf 90' lang='grc'>679)</span> <span class='ocrx_word' id='word_1_283' title='bbox 633 3863 765 3930; x_wconf 88' lang='lat' dir='ltr'><strong>Aelium</strong></span> <span class='ocrx_word' id='word_1_284' title='bbox 779 3861 914 3929; x_wconf 78' lang='lat' dir='ltr'><strong>Gallum</strong></span> <span class='ocrx_word' id='word_1_285' title='bbox 929 3860 1080 3948; x_wconf 86' lang='lat' dir='ltr'><strong>exempla</strong></span> <span class='ocrx_word' id='word_1_286' title='bbox 1100 3859 1218 3946; x_wconf 86' lang='lat' dir='ltr'><strong>glossis</strong></span> <span class='ocrx_word' id='word_1_287' title='bbox 1240 3861 1362 3926; x_wconf 91' lang='lat' dir='ltr'><strong>addere</strong></span> <span class='ocrx_word' id='word_1_288' title='bbox 1382 3885 1447 3929; x_wconf 89' lang='lat' dir='ltr'><strong>non</strong></span> <span class='ocrx_word' id='word_1_289' title='bbox 1522 3863 1526 3871; x_wconf 86' lang='lat'><em>&#39;</em></span> 
     </span>
     <span class='ocr_line' id='line_1_33' title="bbox 303 3967 1213 4047; baseline -0.001 -13"><span class='ocrx_word' id='word_1_290' title='bbox 303 3967 521 4036; x_wconf 82' lang='lat' dir='ltr'><strong>consuevisse.</strong></span> <span class='ocrx_word' id='word_1_291' title='bbox 1210 4043 1213 4047; x_wconf 41' lang='grc'>,</span> 
     </span>
    </p>

    <p class='ocr_par' dir='ltr' id='par_1_4' title="bbox 384 4065 1446 4156">
     <span class='ocr_line' id='line_1_34' title="bbox 384 4065 1446 4156; baseline -0.004 -20"><span class='ocrx_word' id='word_1_292' title='bbox 384 4070 537 4156; x_wconf 88' lang='lat' dir='ltr'><strong>Denique</strong></span> <span class='ocrx_word' id='word_1_293' title='bbox 551 4069 741 4136; x_wconf 85' lang='lat' dir='ltr'><strong>Priscianus</strong></span> <span class='ocrx_word' id='word_1_294' title='bbox 755 4093 788 4156; x_wconf 92' lang='lat' dir='ltr'><strong>p.</strong></span> <span class='ocrx_word' id='word_1_295' title='bbox 805 4068 867 4135; x_wconf 87' lang='grc'><strong>792</strong></span> <span class='ocrx_word' id='word_1_296' title='bbox 882 4068 920 4134; x_wconf 90' lang='grc' dir='ltr'><strong>Ρ.</strong></span> <span class='ocrx_word' id='word_1_297' title='bbox 936 4067 954 4134; x_wconf 94' lang='lat' dir='ltr'>I</span> <span class='ocrx_word' id='word_1_298' title='bbox 968 4090 999 4155; x_wconf 94' lang='lat' dir='ltr'><strong>p.</strong></span> <span class='ocrx_word' id='word_1_299' title='bbox 1017 4067 1079 4132; x_wconf 89' lang='grc'><strong>382</strong></span> <span class='ocrx_word' id='word_1_300' title='bbox 1094 4065 1137 4132; x_wconf 91' lang='lat' dir='ltr'><strong>H.</strong></span> <span class='ocrx_word' id='word_1_301' title='bbox 1154 4066 1189 4130; x_wconf 92' lang='lat' dir='ltr'><strong>in</strong></span> <span class='ocrx_word' id='word_1_302' title='bbox 1204 4067 1446 4134; x_wconf 80' lang='lat' dir='ltr'><strong>enumeratione</strong></span> 
     </span>
    </p>
   </div>
   <div class='ocr_carea' id='block_1_3' title="bbox 302 4273 1446 4687">
    <p class='ocr_par' dir='ltr' id='par_1_5' title="bbox 302 4273 1446 4687">
     <span class='ocr_line' id='line_1_35' title="bbox 304 4273 1446 4345; baseline -0.005 -15"><span class='ocrx_word' id='word_1_303' title='bbox 304 4279 375 4345; x_wconf 85' lang='lat' dir='ltr'><strong>apud</strong></span> <span class='ocrx_word' id='word_1_304' title='bbox 397 4279 522 4332; x_wconf 81' lang='lat' dir='ltr'><strong>Gellium</strong></span> <span class='ocrx_word' id='word_1_305' title='bbox 537 4277 590 4329; x_wconf 85' lang='lat' dir='ltr'><strong>XX</strong></span> <span class='ocrx_word' id='word_1_306' title='bbox 609 4280 640 4342; x_wconf 83' lang='lat'><strong>1,</strong></span> <span class='ocrx_word' id='word_1_307' title='bbox 658 4279 689 4328; x_wconf 79' lang='lat'><strong>12</strong></span> <span class='ocrx_word' id='word_1_308' title='bbox 714 4276 755 4342; x_wconf 86' lang='lat' dir='ltr'><strong>(et</strong></span> <span class='ocrx_word' id='word_1_309' title='bbox 771 4276 894 4331; x_wconf 85' lang='lat' dir='ltr'><strong>Plinium</strong></span> <span class='ocrx_word' id='word_1_310' title='bbox 911 4275 991 4328; x_wconf 88' lang='lat' dir='ltr'>XVII</span> <span class='ocrx_word' id='word_1_311' title='bbox 1010 4277 1038 4340; x_wconf 89' lang='lat'><strong>1,</strong></span> <span class='ocrx_word' id='word_1_312' title='bbox 1058 4273 1084 4340; x_wconf 81' lang='grc'><strong>7)</strong></span> <span class='ocrx_word' id='word_1_313' title='bbox 1109 4273 1299 4340; x_wconf 83' lang='lat' dir='ltr'><strong>corrigendum</strong></span> <span class='ocrx_word' id='word_1_314' title='bbox 1324 4289 1357 4326; x_wconf 83' lang='lat' dir='ltr'><strong>ex</strong></span> <span class='ocrx_word' id='word_1_315' title='bbox 1380 4274 1446 4328; x_wconf 87' lang='lat' dir='ltr'><strong>XVI</strong></span> 
     </span>
     <span class='ocr_line' id='line_1_36' title="bbox 302 4359 1443 4430; baseline -0.004 -16"><span class='ocrx_word' id='word_1_316' title='bbox 302 4367 342 4430; x_wconf 88' lang='lat'><strong>10,</strong></span> <span class='ocrx_word' id='word_1_317' title='bbox 360 4369 377 4418; x_wconf 87' lang='grc'>8</span> <span class='ocrx_word' id='word_1_318' title='bbox 395 4364 496 4430; x_wconf 84' lang='lat' dir='ltr'><strong>(Gaius</strong></span> <span class='ocrx_word' id='word_1_319' title='bbox 514 4363 646 4427; x_wconf 78' lang='lat'><strong>111223).</strong></span> <span class='ocrx_word' id='word_1_320' title='bbox 684 4362 984 4427; x_wconf 79' lang='lat' dir='ltr'><strong>AddeQuintilianum</strong></span> <span class='ocrx_word' id='word_1_321' title='bbox 1001 4361 1026 4412; x_wconf 93' lang='lat' dir='ltr'><strong>V</strong></span> <span class='ocrx_word' id='word_1_322' title='bbox 1045 4363 1086 4424; x_wconf 88' lang='grc'><strong>10,</strong></span> <span class='ocrx_word' id='word_1_323' title='bbox 1103 4361 1145 4414; x_wconf 81' lang='lat'><strong>55.</strong></span> <span class='ocrx_word' id='word_1_324' title='bbox 1181 4359 1338 4412; x_wconf 80' lang='lat' dir='ltr'><strong>Charisium</strong></span> <span class='ocrx_word' id='word_1_325' title='bbox 1356 4377 1382 4426; x_wconf 89' lang='lat' dir='ltr'><strong>p.</strong></span> <span class='ocrx_word' id='word_1_326' title='bbox 1401 4362 1443 4410; x_wconf 77' lang='lat'><strong>58.</strong></span> 
     </span>
     <span class='ocr_line' id='line_1_37' title="bbox 369 4441 1445 4514; baseline -0.007 -12"><span class='ocrx_word' id='word_1_327' title='bbox 369 4448 391 4514; x_wconf 88' lang='lat'><strong>¹)</strong></span> <span class='ocrx_word' id='word_1_328' title='bbox 410 4452 477 4502; x_wconf 75' lang='lat' dir='ltr'><strong>iam</strong></span> <span class='ocrx_word' id='word_1_329' title='bbox 503 4449 594 4501; x_wconf 84' lang='lat' dir='ltr'><strong>video·</strong></span> <span class='ocrx_word' id='word_1_330' title='bbox 608 4449 764 4514; x_wconf 86' lang='lat' dir='ltr'><strong>Kayserum</strong></span> <span class='ocrx_word' id='word_1_331' title='bbox 786 4448 813 4499; x_wconf 91' lang='lat' dir='ltr'><strong>h.</strong></span> <span class='ocrx_word' id='word_1_332' title='bbox 837 4448 856 4502; x_wconf 92' lang='lat' dir='ltr'><strong>l.</strong></span> <span class='ocrx_word' id='word_1_333' title='bbox 881 4465 915 4500; x_wconf 85' lang='lat' dir='ltr'><strong>ex</strong></span> <span class='ocrx_word' id='word_1_334' title='bbox 938 4446 997 4498; x_wconf 90' lang='lat' dir='ltr'><strong>cod.</strong></span> <span class='ocrx_word' id='word_1_335' title='bbox 1019 4441 1165 4497; x_wconf 81' lang='lat' dir='ltr'><strong>Leidensis</strong></span> <span class='ocrx_word' id='word_1_336' title='bbox 1188 4447 1326 4512; x_wconf 86' lang='lat' dir='ltr'><strong>scriptura</strong></span> <span class='ocrx_word' id='word_1_337' title='bbox 1349 4448 1445 4498; x_wconf 81' lang='lat' dir='ltr'><strong>‘letius’</strong></span> 
     </span>
     <span class='ocr_line' id='line_1_38' title="bbox 302 4534 971 4602; baseline -0.003 -17"><span class='ocrx_word' id='word_1_338' title='bbox 302 4536 385 4586; x_wconf 85' lang='lat' dir='ltr'><strong>etiam</strong></span> <span class='ocrx_word' id='word_1_339' title='bbox 402 4537 505 4587; x_wconf 87' lang='lat' dir='ltr'><strong>iustum</strong></span> <span class='ocrx_word' id='word_1_340' title='bbox 522 4550 700 4602; x_wconf 86' lang='lat' dir='ltr'><strong>praenomen·</strong></span> <span class='ocrx_word' id='word_1_341' title='bbox 708 4534 788 4586; x_wconf 78' lang='lat' dir='ltr'><strong>Aelio</strong></span> <span class='ocrx_word' id='word_1_342' title='bbox 806 4536 971 4587; x_wconf 88' lang='lat' dir='ltr'><strong>restituisse.</strong></span> 
     </span>
     <span class='ocr_line' id='line_1_39' title="bbox 366 4604 1444 4687; baseline -0.004 -15"><span class='ocrx_word' id='word_1_343' title='bbox 366 4620 388 4687; x_wconf 81' lang='lat'><strong>²)</strong></span> <span class='ocrx_word' id='word_1_344' title='bbox 406 4604 442 4676; x_wconf 82' lang='lat' dir='ltr'><strong>cf.</strong></span> <span class='ocrx_word' id='word_1_345' title='bbox 462 4621 495 4672; x_wconf 88' lang='lat' dir='ltr'><strong>de</strong></span> <span class='ocrx_word' id='word_1_346' title='bbox 513 4621 564 4672; x_wconf 89' lang='lat' dir='ltr'><strong>illo</strong></span> <span class='ocrx_word' id='word_1_347' title='bbox 577 4635 650 4687; x_wconf 87' lang='lat' dir='ltr'><strong>quae</strong></span> <span class='ocrx_word' id='word_1_348' title='bbox 662 4619 834 4672; x_wconf 74' lang='lat' dir='ltr'><strong>Bitschelius</strong></span> <span class='ocrx_word' id='word_1_349' title='bbox 846 4621 916 4671; x_wconf 87' lang='lat' dir='ltr'><strong>citat</strong></span> <span class='ocrx_word' id='word_1_350' title='bbox 928 4618 976 4673; x_wconf 85' lang='lat' dir='ltr'><strong>l.L</strong></span> <span class='ocrx_word' id='word_1_351' title='bbox 992 4619 1092 4685; x_wconf 88' lang='lat' dir='ltr'><strong>quibus</strong></span> <span class='ocrx_word' id='word_1_352' title='bbox 1106 4617 1247 4669; x_wconf 87' lang='lat' dir='ltr'><strong>addendus</strong></span> <span class='ocrx_word' id='word_1_353' title='bbox 1260 4621 1303 4670; x_wconf 86' lang='lat' dir='ltr'><strong>est</strong></span> <span class='ocrx_word' id='word_1_354' title='bbox 1314 4615 1444 4668; x_wconf 85' lang='lat' dir='ltr'><strong>Merckli-</strong></span> 
     </span>
    </p>
   </div>
   <div class='ocr_carea' id='block_1_4' title="bbox 301 4707 697 4775">
    <p class='ocr_par' dir='ltr' id='par_1_6' title="bbox 301 4707 697 4775">
     <span class='ocr_line' id='line_1_40' title="bbox 301 4707 697 4775; baseline 0.005 -17"><span class='ocrx_word' id='word_1_355' title='bbox 301 4719 351 4758; x_wconf 87' lang='lat' dir='ltr'><strong>uus</strong></span> <span class='ocrx_word' id='word_1_356' title='bbox 368 4707 470 4762; x_wconf 81' lang='lat' dir='ltr'><strong>Philol.</strong></span> <span class='ocrx_word' id='word_1_357' title='bbox 488 4707 552 4760; x_wconf 88' lang='lat' dir='ltr'><strong>XVI</strong></span> <span class='ocrx_word' id='word_1_358' title='bbox 570 4709 619 4760; x_wconf 85' lang='grc'>168</span> <span class='ocrx_word' id='word_1_359' title='bbox 637 4721 697 4775; x_wconf 88' lang='lat' dir='ltr'><strong>sqq.</strong></span> 
     </span>
    </p>
   </div>
   <div class='ocr_carea' id='block_1_5' title="bbox 0 0 1860 5634">
    <p class='ocr_par' dir='ltr' id='par_1_7' title="bbox 0 0 1860 5634">
     <span class='ocr_line' id='line_1_41' title="bbox 0 0 1860 5634; baseline 0 2"><span class='ocrx_word' id='word_1_360' title='bbox 0 0 1860 5634; x_wconf 95' lang='lat' dir='ltr'><strong> </strong></span> 
     </span>
    </p>
   </div>
  </div>
 </body>
</html>
