3709 5634
447 677 495 724 uu
517 678 569 726 x11
591 674 804 725 rasvmavu
828 675 1005 738 suasurus
1028 676 1316 727 cossurvsunrs.
1389 658 1448 725 107

307 833 505 919 ceterisque,
532 832 588 919 qui
608 831 766 897 vineam
789 839 935 917 sarptam
959 830 1167 915 intellegunt3
1195 851 1257 895 nec
1277 829 1357 893 mihi
1377 852 1448 916 pro·

306 937 387 1003 bata
402 943 452 999 est
466 932 617 999 Muelleri
632 934 742 1020 opinio
756 956 821 999 non
836 934 945 1017 tigna,
969 932 1028 997 sed
1043 934 1117 1019 ipsa
1131 939 1273 1013 ‘sorpta'
1293 933 1316 995 i.
1331 955 1360 997 e.
1382 954 1448 997 sar·

306 1046 418 1102 menta
432 1044 547 1123 putata
562 1036 694 1122 dempta
709 1034 789 1100 dici:
806 1035 859 1099 cui
873 1034 930 1121 qui
945 1042 1100 1121 patronus
1113 1056 1218 1122 nuper
1232 1034 1343 1100 extitit
1354 1034 1449 1099 Cors-

306 1162 405 1205 scnus
422 1138 535 1226 Symb.
551 1138 623 1202 crit.
640 1161 672 1224 p.
688 1138 730 1203 32
745 1158 793 1224 sq.
811 1145 995 1202 structurae
1011 1137 1174 1201 enuntiati
1188 1136 1273 1201 male
1286 1135 1450 1201 consuluit

180 1322 182 1333 Ι
305 1240 381 1308 coll.
394 1240 561 1307 Ciceronis
578 1263 629 1326 ep.
646 1240 690 1305 ad
704 1238 783 1305 fam.
795 1238 846 1303 VI
860 1239 908 1322 19,
920 1240 941 1303 2
956 1243 1070 1319 ‘quoad
1082 1246 1133 1304 ille
1146 1244 1325 1319 quandoque
1339 1240 1449 1302 veniat’

304 1352 438 1411 vertens
460 1344 523 1410 ‘bis
539 1343 660 1409 einmal
674 1341 728 1407 die
749 1340 1039 1427 abgesohnittenen
1053 1340 1170 1407 Reiser
1183 1362 1451 1427 weggenommen

304 1445 462 1511 werden?
479 1446 610 1512 Scilicet
626 1444 668 1510 de
682 1444 780 1511 vinea
794 1444 940 1511 dubitari
954 1466 1020 1509 non
1034 1445 1160 1531 patitur
1174 1444 1265 1509 Festi
1279 1442 1371 1510 locus
1386 1443 1450 1508 huc

303 1549 414 1636 ipsum
430 1550 500 1614 sine
515 1547 615 1613 dubio
630 1546 820 1611 referendus
836 1571 867 1634 p.
885 1546 948 1611 322
963 1550 1117 1626 ‘sarpta
1131 1554 1241 1612 vinea
1254 1556 1370 1625 putata,
1385 1552 1406 1610 i.
1422 1568 1448 1611 e.

298 1672 386 1731 para
397 1655 499 1729 sucte’
516 1673 543 1716 e.
561 1672 592 1736 q.
608 1672 635 1713 s.
672 1648 799 1733 Tigna
822 1657 931 1713 autem
952 1647 1085 1736 dempta
1098 1658 1187 1715 recte
1207 1649 1345 1735 cogitari
1365 1648 1449 1715 indi-

304 1762 400 1818 catur
415 1752 493 1837 Dig.
510 1754 541 1834 6,
559 1754 587 1831 1,
604 1750 646 1816 59
671 1754 760 1814 ‘Nam
781 1770 858 1829 quoe
873 1757 981 1815 alteras
1001 1756 1147 1829 aedificiis
1160 1772 1276 1817 conexo
1289 1742 1397 1827 essem,
1412 1770 1450 1814 ee

303 1859 449 1935 quamdin
464 1862 565 1919 iuncte
580 1864 750 1933 monerent,
766 1857 927 1917 eorundem
942 1860 1147 1932 aedificiorum
1161 1876 1239 1936 esse,
1260 1860 1349 1919 amul
1362 1863 1450 1933 etque

303 1962 375 2023 inde
390 1963 538 2037 dempta
553 1966 664 2031 essent,
680 1962 817 2021 contnuo
831 1963 862 2021 to
875 1962 1036 2035 pristinam
1050 1978 1189 2023 caussam
1203 1962 1336 2022 reverti?

390 2061 559 2125 Postremo
575 2080 673 2147 quam
689 2060 927 2146 oppositionem
942 2060 1022 2126 Vito
1037 2071 1070 2127 et
1086 2060 1292 2128 Gothofredo
1308 2060 1448 2126 auctori·

301 2164 366 2230 bus
388 2161 582 2227 Huschkius
609 2161 752 2227 instituit
777 2184 836 2249 per
861 2161 1107 2229 adversativam
1132 2162 1262 2250 qualem
1287 2160 1450 2247 intellegit

302 2264 513 2353 particulam:
531 2274 602 2329 ‘ast
615 2271 668 2344 qui
680 2271 797 2329 iunxit.
813 2271 834 2328 .'
850 2302 891 2313 —-
907 2287 973 2351 qua
987 2288 1029 2330 ne
1044 2265 1124 2332 alibi
1139 2266 1271 2354 quidem
1282 2266 1447 2331 abstinue-

301 2376 380 2434 nmt
394 2368 552 2450 editores3
572 2376 609 2432 ut
623 2388 666 2432 ex
679 2366 815 2453 Ulpiani
830 2367 941 2433 verbis
956 2368 998 2433 fr.
1015 2368 1072 2451 26,
1089 2370 1119 2433 1.
1141 2368 1258 2434 Collat.
1275 2367 1360 2433 XVI
1373 2367 1412 2449 4,
1431 2367 1447 2431 1

302 2475 350 2536 ‘id
361 2476 441 2535 enim
455 2480 575 2535 cautum
589 2482 633 2534 est
645 2476 710 2549 lece
723 2472 796 2534 XII
807 2474 977 2534 tubulorum
998 2474 1083 2535 tae:
1102 2474 1160 2536 “si
1177 2478 1328 2536 intestatus
1354 2477 1448 2535 mort

303 2584 353 2639 tur
369 2623 375 2636 .
394 2580 414 2637 .'
430 2594 504 2637 cum
520 2572 656 2656 Contio,
671 2572 808 2639 Pithoeo
824 2572 896 2637 aliis
913 2596 1017 2659 nuper
1032 2574 1256 2660 Boeckingius
1275 2574 1311 2637 in
1325 2572 1378 2638 ed.
1392 2570 1448 2637 Ul-

302 2678 395 2763 piani
410 2683 528 2761 quarta
542 2675 688 2741 efficeret
703 2680 776 2740 ‘ast
794 2682 822 2740 si
840 2683 891 2741 int.
908 2682 959 2740 m.'
975 2700 1031 2741 -ε
1055 2698 1094 2741 ea
1114 2687 1147 2742 et
1167 2678 1241 2763 ipsa
1254 2677 1324 2742 vim
1337 2674 1449 2741 intulit

302 2778 379 2864 legi.
409 2778 542 2843 Etenim
557 2778 699 2864 primum
714 2778 773 2843 tali
789 2779 989 2865 oppositioni
1005 2778 1127 2844 diserte
1142 2798 1319 2865 expressae
1339 2776 1448 2842 nullus

302 2889 353 2946 est
367 2878 458 2945 locus
473 2880 507 2943 in
522 2879 593 2965 lege
609 2881 893 2957 coniunctionibus
907 2881 1114 2967 parcissima:
1142 2881 1235 2945 cuius
1251 2881 1286 2943 in
1299 2879 1447 2965 reliquiis

302 2985 388 3049 duae
403 2991 532 3049 tantum
544 2992 754 3069 compareant
769 2984 926 3070 temporis
942 2983 1039 3048 finem
1052 2983 1236 3049 accuratius
1248 2974 1450 3049 constituem

302 3096 352 3152 tes
369 3087 386 3152 Ι
400 3088 416 3149 1
433 3091 461 3150 si
473 3090 504 3149 in
520 3091 566 3151 tas
580 3096 673 3158 noent.
689 3092 743 3151 ito:
758 3092 792 3149 ni
804 3092 841 3158 it,
855 3092 1066 3152 antestamtno:
1087 3092 1206 3164 initur
1220 3087 1258 3171 (i.
1265 3106 1295 3149 e.
1306 3094 1376 3150 tum
1393 3083 1446 3149 de-

302 3188 407 3273 mum)
420 3206 466 3253 em
476 3195 575 3269 cupito
585 3226 627 3238 ——
638 3188 681 3255 cf.
693 3188 817 3256 Paulus
829 3188 911 3255 Exc.
927 3212 970 3255 ex
981 3189 1079 3253 Festo
1090 3212 1123 3275 p.
1132 3188 1245 3253 105111.
1257 3190 1446 3267 Ἷμίιαν...

303 3297 388 3372 opud
408 3297 545 3371 antiquos
567 3297 733 3371 ponebatur
756 3313 814 3373 pro
834 3299 905 3359 inde
924 3307 953 3359 et
969 3303 1074 3373 posteo
1094 3302 1125 3357 et
1138 3299 1222 3364 tum’‚·
1242 3291 1314 3355 sim.
1337 3287 1446 3354 Plaut.

304 3394 425 3481 Amph.
441 3395 458 3459 Ι
475 3396 491 3457 1
502 3442 511 3476 ,
530 3394 600 3460 145.
623 3395 692 3459 Mil.
710 3394 754 3480 gl.
774 3396 827 3460 III
852 3398 885 3479 1,
909 3398 981 3461 177.
1004 3396 1080 3461 Oas.
1102 3394 1138 3460 Π
1157 3394 1197 3477 2,
1220 3395 1273 3458 39.
1294 3391 1447 3459 Handius

303 3494 443 3563 Tursell.
460 3496 514 3561 III
531 3497 601 3562 185.
625 3498 660 3562 II
676 3497 738 3562 252
751 3534 795 3549 -ῆ
810 3508 843 3563 et
863 3498 917 3564 ΙΙΙ
935 3501 951 3563 l
968 3523 1015 3587 sq.
1037 3504 1160 3577 trtqtma
1181 3502 1245 3562 dies
1265 3502 1335 3562 iusti
1352 3506 1446 3560 santo.

303 3606 388 3665 Post
402 3604 537 3664 deinde
551 3620 658 3668 monus
672 3606 789 3665 iniectio
803 3611 878 3665 esto:
905 3601 994 3689 quod
1009 3601 1183 3689 quominus
1199 3603 1357 3680 ‘postidea’
1368 3619 1447 3663 cor·

302 3702 447 3788 rigamus
464 3722 537 3765 cum
551 3701 717 3787 Scaligcro
739 3703 783 3768 ad
797 3704 886 3770 Fest.
901 3728 933 3770 v.
950 3726 1088 3769 nervum
1101 3702 1217 3789 Lipsio
1231 3703 1369 3784 Ursino,
1391 3699 1447 3765 ob-

303 3814 371 3871 stat
385 3812 418 3869 et
432 3804 521 3869 idem
542 3805 716 3891 repetitum
737 3806 771 3869 in
791 3806 891 3872 Gellii
914 3806 1133 3894 descriptione
1147 3804 1218 3870 XX
1235 3807 1269 3887 1,
1284 3805 1328 3868 44
1349 3807 1449 3866 ‘Post

302 3912 439 3973 deinde
462 3912 521 3971 nisi
538 3911 730 3973 dissolverent
749 3913 792 3973 ed
809 3920 979 3989 praetorem
999 3912 1208 3985 vocabantur’‚
1236 3916 1268 3972 et
1294 3905 1447 3971 similium

302 4010 504 4098 comparatio
519 4009 607 4075 unde
621 4010 690 4077 eius
706 4012 836 4095 generis
852 4011 1105 4078 cumulationem
1119 4033 1161 4076 ex
1180 4031 1270 4076 more
1285 4008 1446 4096 antiquio·

301 4113 347 4179 ris
378 4112 534 4179 sermonis
560 4112 662 4178 fuisse
689 4114 924 4199 cognoscimus.
961 4114 1005 4180 of.
1033 4113 1140 4179 Plaut.
1163 4110 1265 4178 Stich.
1287 4110 1324 4175 II
1348 4112 1384 4194 1,
1404 4109 1447 4175 29

299 4216 402 4297 possid
415 4221 506 4295 latter
521 4220 645 4294 deinde,
671 4216 791 4303 Amph.
808 4216 861 4281 III
879 4219 908 4299 1,
926 4217 966 4281 16
976 4226 1046 4296 post
1058 4222 1148 4297 r'pr'tar
1162 4219 1294 4286 derum
1311 4214 1443 4278 Terent.

302 4318 407 4384 Andr.
424 4316 478 4383 III
492 4317 524 4401 2,
539 4318 656 4398 aposto
671 4324 787 4397 deinde,
802 4318 935 4385 Lucret.
947 4318 1002 4383 ΙΙΙ
1017 4318 1080 4383 528
1089 4328 1160 4399 post
1172 4322 1252 4393 inde,
1266 4316 1375 4381 Varro
1389 4316 1410 4380 l.
1423 4314 1445 4381 l.

301 4420 333 4485 V
348 4422 448 4500 apost
461 4430 530 4499 tam,
546 4419 674 4486 Gellius
690 4421 756 4486 XV
773 4422 824 4504 12,
839 4422 860 4486 3
869 4431 941 4503 post
953 4425 1062 4485 demde
1077 4420 1134 4485 al:
1152 4442 1248 4508 quem
1268 4440 1391 4484 morem
1410 4418 1445 4482 in

301 4520 432 4607 vulgari
447 4522 574 4608 lingua,
590 4531 628 4588 ut
642 4522 789 4605 videtur,
811 4523 935 4589 diutius
950 4533 1136 4591 manentem
1156 4544 1197 4587 ne
1218 4544 1238 4586 a
1251 4521 1443 4608 posterioris

301 4622 434 4710 quidem
454 4624 572 4689 aetatis
592 4625 807 4712 scriptoribus
828 4625 971 4691 alienum
997 4648 1069 4693 esse
1090 4622 1242 4712 exempla
1262 4623 1382 4689 docent
1401 4623 1444 4689 ab

301 4716 434 4791 Handio
456 4726 597 4793 Tursell.
613 4726 736 4795 11242.
758 4728 808 4794 IV
823 4728 885 4795 502
905 4738 1077 4815 congesta,
1102 4728 1223 4816 quibus
1243 4725 1330 4793 adde
1349 4725 1443 4790 Pom-
