3709 5634
426 659 473 705 nn
497 658 547 705 xu
570 656 783 707 rsnvnnrvu
806 653 983 721 surriovns
1006 659 1250 711 conmonunrs.
1368 647 1413 714 ,61

270 812 325 880 Ex
349 813 470 901 quibus
495 812 671 899 diligenter
697 811 783 879 inter
809 836 844 879 se
866 812 1306 901 comparatis-Mommsenus
1332 816 1415 883 haec

271 916 394 983 effecit:
413 921 505 981 ‘Viae
520 908 590 981 suut
602 928 632 981 et
650 921 788 997 publicae
797 936 857 997 per
872 938 948 996 quus
963 923 1008 982 ire
1023 924 1144 998 (opere),
1159 924 1292 985 omnibus
1306 926 1416 986 liceret

264 1026 409 1101 priuatae
423 1024 528 1099 quidus
542 1026 687 1084 nemiuem
702 1026 747 1085 ιιιι·
761 1025 823 1097 (tus
842 1028 898 1099 est)
916 1030 1042 1099 praeter
1061 1040 1186 1099 quorum
1205 1033 1283 1087 sunt.
1313 1026 1414 1087 Etim

268 1128 409 1201 privatae
436 1124 518 1186 VIII
529 1126 626 1202 pedes
647 1128 678 1186 ιἰι
698 1126 857 1187 lutilodiue
878 1126 1019 1203 (babent)
1041 1129 1108 1187 iure
1132 1134 1162 1188 et
1177 1130 1258 1206 leue,
1272 1128 1414 1205 putlr'om

269 1230 514 1304 quantummodo
536 1230 670 1289 utililotr‘s
684 1231 836 1305 permittit.
877 1230 1070 1305 (Praetereo)
1092 1232 1145 1290 lex
1164 1231 1244 1291 iubet
1263 1232 1349 1292 XVI
1367 1234 1414 1304 (ιίι

269 1331 424 1406 amsrooto
449 1334 607 1407 fleunque
635 1331 727 1407 pedes
756 1332 864 1407 (lotos)
892 1348 956 1393 esse
990 1334 1054 1392 otus
1085 1339 1118 1392 ιιι
1148 1334 1309 1410 (odicium
1343 1336 1415 1395 Vios

268 1437 440 1495 muniunto:
457 1436 491 1494 ui
502 1450 567 1495 som
582 1434 800 1510 deloptdussiut
808 1480 815 1509 ,
831 1451 891 1510 quo
906 1437 981 1494 uolet
993 1436 1121 1495 iumento
1135 1437 1238 1509 auito?
1410 1507 1415 1517 ί

354 1535 396 1599 In
410 1532 462 1599 his
485 1540 594 1597 autem
613 1531 777 1620 plerisque
798 1556 873 1599 cum
893 1533 1025 1619 egregio
1044 1533 1108 1599 viri
1129 1534 1278 1599 acumine
1297 1558 1414 1601 verum

268 1637 464 1723 indagatum
480 1657 552 1701 esse
566 1634 656 1701 haud
671 1634 768 1701 facile
785 1636 959 1723 quisquam
978 1634 1178 1701 infitiatmus
1200 1641 1242 1702 sit
1265 1676 1301 1685 -
1323 1641 1413 1725 quod

267 1748 402 1828 praeter
422 1746 569 1803 extrema
589 1738 692 1804 verba
712 1738 866 1803 restituta
885 1737 920 1801 in
939 1738 1053 1824 primis
1072 1738 1163 1804 valet
1181 1738 1216 1801 in
1235 1739 1302 1823 ista
1316 1746 1418 1805 ‘XVI

268 1850 299 1907 ιἰι
327 1845 479 1921 umsrocto
510 1846 668 1920 flexuque'
693 1864 750 1905 -ε
787 1849 857 1905 turn
889 1840 923 1903 in
953 1840 1151 1927 quibusdam
1176 1840 1256 1906 mihi
1286 1843 1328 1909 ab
1357 1842 1413 1907 illo

270 1944 532 2011 dissentiendum
548 1952 609 2009 est.
638 1944 772 2009 Etenim
790 1941 904 2009 utboe
919 1943 1059 2031 deniqne
1079 1944 1266 2029 testimonio
1286 1957 1414 2033 reperto

269 2034 367 2135 plane
389 2047 549 2113 evertitur
569 2046 714 2113 Puchtae
741 2045 851 2133 opinio
877 2044 949 2110 XII
975 2045 1162 2111 tabularum
1183 2048 1223 2114 de
1246 2048 1320 2114 viae
1341 2048 1414 2114 lati-

271 2151 383 2216 tudine
408 2157 582 2237 praecepta
605 2148 688 2234 (VII
708 2148 743 2233 6)
770 2148 812 2213 ad
837 2147 926 2213 viam
948 2147 1152 2233 publicam
1179 2151 1342 2237 pertinere
1365 2152 1414 2236 (in

271 2252 355 2320 libro
378 2251 540 2319 ‘Civiline
556 2242 840 2336 Abhandlungen⁵
857 2249 940 2315 1823
961 2273 994 2337 p.
1010 2250 1051 2315 98
1072 2250 1115 2316 cf.
1132 2252 1213 2317 Inst.
1229 2253 1265 2317 11
1285 2253 1412 2337 §253):

270 2357 317 2423 ita
330 2354 450 2421 ultima
471 2376 550 2419 sane
571 2352 612 2419 de
632 2354 751 2441 quibus
773 2353 901 2439 agimus
922 2352 1027 2418 verba
1045 2376 1111 2418 non
1130 2364 1269 2441 possunt
1288 2357 1353 2421 nisi
1373 2356 1434 2421 de.

270 2456 454 2547 publicis
475 2456 539 2523 viis
561 2454 717 2542 intellegi.
748 2455 846 2539 Quod
873 2455 968 2522 docet
994 2457 1093 2522 etiam
1119 2456 1201 2523 Cato
1229 2456 1270 2522 de
1295 2480 1322 2524 r.
1344 2481 1370 2522 r.
1393 2458 1414 2521 2

271 2567 361 2625 ‘oium
373 2565 526 2641 publicam
541 2566 663 2625 munirr'
679 2560 765 2625 inter
780 2556 887 2625 coloni
902 2558 1013 2624 officia
1023 2560 1169 2625 referens
1182 2558 1413 2645 (cf.Bergkius

270 2664 291 2730 l.
306 2664 355 2746 1.).
385 2662 461 2729 Hoc
476 2670 585 2727 autem
601 2662 722 2727 diserte
737 2661 816 2727 addi
830 2684 965 2728 necesse
980 2670 1031 2727 est
1049 2662 1085 2725 in
1100 2684 1139 2727 eo
1161 2660 1232 2727 loco
1248 2664 1304 2749 qui
1324 2671 1412 2727 totus

271 2774 422 2833 versetur
441 2766 477 2829 in
501 2765 692 2830 discrimine
719 2764 793 2831 viae
820 2764 971 2853 publicae
995 2774 1029 2830 et
1052 2766 1202 2851 privatae
1228 2765 1413 2831 statuendo.

271 2872 388 2957 Itaque
405 2868 537 2935 diversa
551 2866 923 2933 confunditMommseni
937 2867 1039 2933 ratio:
1056 2867 1112 2953 qui
1127 2889 1225 2954 quem
1239 2866 1413 2933 transitum

271 2972 413 3041 instituit
429 2979 477 3035 ‘ut
491 2976 633 3052 odloiot'‚
649 2970 678 3034 is
693 2992 798 3056 neque
813 2972 855 3036 ab
876 2969 947 3057 ipso
969 2970 1151 3035 sententiae
1170 2992 1259 3035 nexu
1273 2992 1378 3057 neque
1393 2992 1413 3033 a

236 3064 242 3071 ⁸
271 3074 421 3141 codicum
436 3073 597 3160 scriptura
612 3078 656 3135 ‘ut
669 3078 731 3152 qui'
748 3072 828 3137 satis
844 3072 1101 3138 commendatur.
1132 3070 1202 3137 Nec
1216 3072 1320 3157 magis
1336 3083 1413 3159 apte

271 3179 303 3241 in
317 3176 483 3265 prioribus
499 3182 538 3239 ‘et
552 3182 593 3239 ιἰιι
605 3182 755 3255 priuatoe’
772 3174 885 3241 statim
905 3174 1052 3259 iungitur
1071 3176 1201 3241 viarum
1216 3174 1410 3239 definitioni:

272 3302 345 3345 eum
361 3278 409 3345 ‘ct
422 3282 497 3342 Ioue'
519 3277 607 3365 quod
621 3276 699 3343 Vat.
721 3287 754 3343 et
768 3276 862 3343 Leid.
884 3286 1047 3345 testantur
1066 3277 1189 3342 iniuria
1209 3276 1411 3363 neglegatur.

257 3382 388 3448 -Eidem
414 3390 523 3446 autem
550 3379 625 3446 libri
651 3378 738 3467 quod
762 3379 796 3443 in
821 3380 984 3469 principio
1005 3380 1163 3447 exhibent
1183 3387 1267 3445 ‘uiue
1286 3375 1355 3444 suot
1378 3392 1414 3444 et
1446 3375 1449 3381 ’

270 3490 449 3564 publicae
468 3495 502 3547 et
517 3489 712 3563 priuatae,
730 3489 887 3565 probltooe'
905 3532 912 3548 .
931 3531 939 3548 .
956 3532 964 3549 .
981 3492 1052 3550 'non
1071 3484 1136 3549 fuit
1156 3482 1410 3569 repudiandum:

235 3570 240 3583 ⁸
271 3610 346 3653 nam
370 3585 636 3651 satisUrsiniani
656 3586 815 3653 cumillis
836 3587 1038 3673 conspiratio
1060 3587 1155 3652 docet
1170 3592 1231 3651 ‘et'
1252 3586 1287 3650 in
1300 3586 1412 3652 Victo·

271 3691 364 3755 riano
381 3688 471 3776 (post
486 3690 601 3777 ‘licet')
618 3691 842 3773 coniecturae,
860 3688 1002 3754 fortasse
1017 3688 1171 3754 Politiani
1192 3688 1321 3771 deberi,
1337 3710 1412 3751 cum

271 3817 291 3857 a
305 3792 414 3881 priore
429 3797 591 3871 ‘publicae’
608 3791 651 3857 ad
666 3790 804 3859 alterum
819 3792 974 3859 librarius
990 3791 1205 3857 aberraverit.
1222 3788 1363 3856 Omnino
1378 3791 1413 3852 in

271 3897 320 3961 his
341 3918 408 3961 non
429 3905 498 3973 tam
518 3894 716 3980 glossemata
737 3918 835 3983 quam
855 3894 993 3959 lacunae
1019 3892 1279 3979 conspiciuntur:
1307 3901 1345 3955 ut
1371 3912 1411 3955 ne

271 4003 395 4065 ‘eorum'
418 3998 549 4085 quidem
573 3998 793 4063 inducendum
820 3996 1022 4084 putaverim,
1050 3994 1186 4061 sedvel
1213 3997 1410 4058 ‘aaronitae'

272 4125 343 4170 eum
358 4100 502 4186 Bergkio
523 4100 577 4166 vel
594 4138 629 4147 -
647 4102 767 4167 rectius
791 4101 906 4187 opinor
920 4138 963 4147 —
978 4104 1128 4163 ‘uomina’
1149 4119 1224 4162 curn
1239 4094 1412 4163 Huschkio

273 4203 499 4292 supplendum.
528 4203 679 4291 Denique
700 4203 782 4289 legis
801 4204 876 4290 ipsa
895 4202 1000 4269 verba
1019 4223 1092 4266 cum
1111 4198 1280 4287 praeclare
1294 4198 1339 4263 M.
1362 4220 1410 4262 re·

274 4310 416 4375 stituerit
430 4314 477 4373 ‘uo'
488 4306 598 4392 som1)
615 4310 869 4387 delapidosss'ut':
890 4327 1006 4393 parum
1027 4314 1137 4370 tamen
1152 4301 1303 4388 congruit
1323 4303 1411 4389 quod

339 4572 359 4637 ¹)
382 4566 465 4622 Hanc
487 4570 657 4636 pronominis
681 4570 797 4622 formam
814 4568 905 4621 Ennio
926 4568 1061 4619 usitatum
1086 4582 1140 4617 non
1164 4568 1207 4616 est
1225 4563 1296 4629 quod
1314 4578 1411 4617 rerea·

272 4670 330 4709 mur
347 4658 404 4723 legi
421 4660 554 4711 tribuere:
575 4656 803 4723 quemadmodum
826 4657 855 4705 in
873 4654 1066 4705 Ciceronianis
1088 4666 1196 4717 quoque
1219 4650 1329 4716 legibus
1350 4654 1412 4701 ‘sio
1461 4686 1469 4693 .

274 4748 334 4811 que’
353 4760 402 4811 pro
420 4745 529 4812 ‘iisque’
548 4744 624 4808 118,
643 4746 675 4794 21
694 4743 817 4796 servavit
835 4740 983 4792 Leidensis
1000 4740 1027 4789 H
1045 4740 1086 4803 (in
1104 4739 1127 4788 A
1144 4752 1242 4789 rasura
1264 4735 1410 4801 estimato
