3709 5634
408 613 452 679 44
715 561 733 606 ¹
829 627 942 674 olrvr
964 626 1129 673 rnarrvu.
1201 588 1203 594 ¹

353 771 355 776 ¹
409 782 554 848 restituit
568 782 761 846 Husohhius
778 780 818 845 de
835 780 927 864 tigno
948 780 1058 844 iuncto
1080 802 1111 865 p.
1131 779 1171 842 10
1186 801 1217 842 n.
1240 777 1354 864 ‘Apud
1372 799 1471 864 quem
1492 778 1560 842 fur·

409 898 480 952 tum
495 894 690 970 conceptum
705 883 767 947 esit
782 882 919 969 queique
936 881 966 946 ei
982 879 1112 964 obtulit,
1134 880 1187 972 nei
1204 872 1291 966 apud
1308 903 1343 945 88
1364 901 1560 967 concepere-

410 998 476 1068 tur,
492 986 591 1073 triplo
606 1009 664 1073 pro
680 988 754 1049 fure
769 982 924 1049 damnum
938 982 1116 1065 deeeidit03
1134 982 1181 1046 sei
1193 973 1349 1070 quaerere
1361 983 1559 1067 prohibesit,

409 1089 519 1156 nudus
533 1087 627 1152 lance
648 1099 681 1154 et
699 1087 774 1153 licio
798 1087 965 1174 quaerito,
986 1085 1034 1150 ita
1055 1085 1103 1150 sei
1125 1083 1291 1170 concapit,
1313 1084 1441 1150 furtum
1456 1084 1560 1149 mani·

409 1191 533 1256 festum
558 1191 661 1256 esito'
689 1189 777 1276 (sio).
803 1226 846 1238 —
866 1191 917 1254 Ac
943 1187 1008 1255 tale
1030 1187 1108 1274 quid
1129 1207 1247 1252 revera
1268 1187 1413 1251 sensisse
1434 1185 1558 1252 Gaium

324 1378 326 1381 Ι
410 1292 514 1358 verba
534 1291 593 1356 illa
614 1292 782 1358 declarant
807 1291 894 1356 unde
920 1288 1019 1355 simul
1044 1311 1141 1376 quam
1166 1311 1233 1354 non
1259 1281 1462 1354 intellexerit
1488 1289 1558 1353 vim
1583 1325 1587 1334 ·
1633 1367 1635 1372 Α

409 1395 505 1460 huius
521 1397 687 1482 praecepti
702 1405 838 1481 apparet
853 1398 873 1476 ξ
890 1394 951 1458 193
967 1395 1081 1468 ‘Quare
1101 1398 1151 1456 iere
1172 1401 1232 1456 tota
1252 1395 1384 1458 ridicula
1405 1403 1465 1455 est:
1487 1411 1558 1454 uam

410 1503 468 1583 qui¹
481 1503 611 1561 uestitum
631 1517 778 1576 quaerere
793 1500 943 1576 prohibei,
959 1501 985 1559 is
1004 1503 1034 1558 et
1052 1498 1165 1558 audura
1185 1513 1332 1572 quaerere
1349 1497 1559 1573 prohibiturus

409 1609 465 1676 esi,
481 1619 516 1663 eo
529 1606 638 1685 mauis,
654 1603 735 1678 quod
747 1605 790 1662 ita
804 1603 940 1677 quaesita
954 1617 1003 1661 res
1017 1603 1136 1660 iuuenta
1150 1602 1263 1664 maiori¹
1275 1616 1394 1676 poenae
1408 1600 1558 1660 subiicia-

410 1695 483 1765 iur?
501 1716 536 1748 '—
556 1700 659 1786 Atqui
674 1723 806 1782 vereor,
822 1708 860 1764 ut
873 1699 955 1764 haec
971 1697 1139 1785 sufficiant
1154 1697 1196 1762 ad
1217 1697 1389 1784 scrupulos
1412 1696 1558 1762 eximen-

410 1803 471 1869 do's
493 1825 708 1888 caussamque
730 1801 958 1866 dirimendam.
1002 1799 1091 1882 Quid
1111 1801 1221 1878 enim?
1260 1799 1378 1864 Talem
1399 1801 1429 1864 81
1450 1798 1559 1884 legem

379 1905 381 1909 ’
411 1905 516 1972 Gaius
531 1913 607 1971 ante
629 1903 739 1968 oculos
762 1903 949 1985 habuisset,
971 1924 1050 1966 num
1071 1901 1226 1967 credibile
1247 1912 1298 1966 881
1318 1903 1353 1966 in
1375 1923 1414 1966 ea
1436 1901 1559 1967 deseri-

408 2006 520 2072 benda
544 2005 580 2069 id
603 2005 713 2091 ipsum
738 2027 812 2070 eum
838 1994 1036 2070 omissurum
1060 2003 1165 2069 fuisse
1190 2003 1279 2092 quod
1299 2011 1331 2069 et
1352 2003 1461 2070 omitti
1488 2002 1559 2068 sine

410 2131 535 2174 summo
552 2107 735 2172 sententiae
751 2106 945 2172 detrimento
961 2128 1026 2170 non
1040 2115 1170 2192 poterat
1185 2115 1218 2172 et
1232 2105 1326 2188 addi,
1344 2106 1372 2170 si
1388 2105 1488 2172 modo
1505 2127 1558 2170 ex-

401 2218 514 2291 taret,
535 2210 639 2295 ipsius
660 2231 758 2295 quam
777 2209 920 2273 maxime
944 2209 1102 2274 interesse
1124 2207 1289 2274 debebat?
1327 2207 1434 2274 Immo
1456 2207 1560 2273 verba

411 2317 476 2376 ‘lex
489 2322 589 2375 autem
601 2331 640 2374 eo
654 2317 801 2375 uomiue
814 2309 1057 2397 (seprohibiti)
1069 2316 1210 2374 uuiiam
1221 2330 1379 2390 paenam
1394 2315 1560 2375 conserua:

402 2418 466 2478 *hoe
485 2420 578 2477 seium
593 2419 803 2492 praecipit,
824 2423 857 2476 ut
875 2420 943 2492 qui
961 2432 1147 2491 quaerere
1166 2418 1272 2490 uelit,
1295 2409 1395 2477 nudus
1415 2419 1559 2490 quaerai’

382 2578 385 2584 .
411 2539 444 2607 e.
455 2537 487 2600 q.
504 2536 530 2579 s.
545 2514 633 2579 -si
648 2515 777 2580 confers
793 2519 813 2596 ξ
831 2515 891 2580 188
908 2518 976 2578 ‘Est
988 2520 1074 2578 eiiam
1083 2519 1229 2596 prohibiti
1238 2519 1321 2592 furii
1332 2521 1482 2580 aduersus
1493 2535 1561 2580 eum

410 2623 464 2698 qui
473 2619 594 2693 surium
607 2637 793 2697 quaerere
812 2623 989 2680 uolentem
1007 2621 1208 2696 prohihuerii’
1224 2655 1267 2668 —-
1282 2616 1427 2682 dilucide
1449 2626 1559 2683 osten-

411 2721 499 2790 dunt,
517 2741 578 2784 neo
602 2719 806 2805 prohibentis
829 2740 890 2782 neo
914 2718 1072 2806 prohibiti
1097 2718 1273 2804 vestigium
1300 2721 1335 2783 in
1355 2718 1429 2804 lege
1452 2717 1560 2784 ullum

410 2823 530 2903 fuisse,
552 2843 666 2886 verum
681 2820 722 2886 de
738 2821 854 2907 quovis
876 2820 964 2886 furto
986 2819 1199 2906 concipiendo
1219 2821 1266 2887 ita
1286 2829 1420 2887 sautum
1441 2821 1559 2887 fuisse.

412 2925 503 3008 Quin
520 2922 611 2988 istud
631 2923 741 3010 ipsum
763 2929 833 3001 ‘qui
858 2929 989 2987 uerutum
1010 2942 1156 3000 quaerere
1172 2927 1324 3003 prohibet,
1349 2930 1425 2988 ieet
1445 2930 1562 2990 nudum

411 3048 558 3107 quaerere
567 3030 774 3106 prohibiturus
788 3032 847 3090 est'
863 3025 923 3091 vix
938 3024 1079 3089 dixisset
1099 3025 1169 3089 iure
1185 3025 1370 3110 consultus,
1387 3027 1415 3091 si
1435 3026 1472 3090 in
1487 3029 1562 3114 ipsa

412 3129 484 3214 lege
498 3129 666 3198 disertis
682 3127 823 3193 verbis
838 3137 989 3192 sanctum
1003 3126 1216 3213 repperisset,
1238 3137 1276 3193 ut
1297 3129 1325 3192 18
1342 3128 1397 3214 qui
1418 3129 1560 3215 prohi-

411 3233 522 3298 bitus
538 3238 626 3296 esset
641 3251 813 3314 quaerere,
830 3251 905 3294 cum
918 3227 1012 3293 lance
1028 3238 1060 3294 et
1074 3229 1149 3295 licio
1167 3231 1392 3315 quaestionem
1407 3231 1560 3312 institue·

411 3342 476 3413 ret:
495 3353 602 3417 neque
618 3331 704 3395 enim
719 3342 790 3396 tum
805 3329 858 3396 vel
873 3338 1003 3394 tacente
1023 3329 1094 3414 lege
1115 3330 1230 3414 fugere
1250 3353 1323 3396 eum
1345 3332 1456 3418 potuit
1474 3333 1561 3398 hanc

414 3433 604 3499 sollemnem
619 3433 890 3518 quaestionem'et
904 3432 1012 3517 ipsam
1027 3432 1193 3517 prohiberi
1208 3433 1259 3497 fas
1275 3433 1346 3519 lege
1362 3455 1429 3498 non
1444 3429 1560 3500 1111888.

413 3537 523 3622 Atque
544 3534 606 3598 hac
626 3535 660 3597 in
681 3556 717 3598 re
737 3532 837 3598 fidem
852 3533 938 3598 Gaio
960 3532 1186 3624 denegandam
1208 3557 1280 3600 esse
1302 3537 1374 3622 ipse
1389 3537 1560 3623 Vangero-

412 3637 495 3702 wius
511 3624 661 3700 concedit
675 3659 707 3722 p.
717 3635 759 3699 22
774 3659 821 3722 sq.
832 3637 874 3722 ¹);
891 3635 954 3700 etsi
968 3635 996 3700 18
1012 3645 1111 3720 auget
1123 3659 1280 3721 errorem3
1298 3639 1354 3726 qui
1369 3641 1450 3726 quin
1466 3663 1559 3728 pro·

412 3739 585 3804 bibitum
600 3737 751 3802 furtum
765 3739 832 3802 iam
847 3761 889 3802 ex
904 3737 975 3803 XII
990 3737 1177 3803 tabularum
1192 3739 1263 3803 iure
1277 3739 1366 3806 furto
1381 3743 1560 3809 manifesto

412 3841 662 3927 aequiparatum
683 3839 797 3921 fuerit,
819 3840 927 3904 nullus
948 3839 1087 3906 dubitet.
1122 3842 1182 3923 At,
1204 3841 1293 3928 quod
1315 3843 1405 3925 dixi,
1428 3845 1463 3908 iu
1485 3867 1560 3912 con-

411 3943 549 4008 trariam
563 3943 673 4030 potius
688 3936 816 4030 partem
823 3943 887 4008 Gai
902 3963 992 4006 error
1007 3939 1111 4014 vale-t:
1128 3943 1184 4028 qui
1199 3965 1272 4022 oum
1288 3945 1389 4012 semel
1405 3948 1561 4034 opinione

411 4046 634 4132 praecepisset
648 4054 820 4131 utramque
835 4066 975 4129 poenam
990 4052 1023 4108 et
1038 4044 1185 4130 consepti
1201 4052 1298 4131 atque
1312 4046 1417 4113 oblati
1432 4048 1517 4115 furti
1530 4059 1562 4114 et

411 4169 487 4212 cum
502 4147 594 4212 lance
610 4158 643 4213 et
663 4147 740 4213 licio
762 4145 910 4232 concepti
932 4167 998 4209 una
1019 4146 1146 4231 exlege
1162 4141 1233 4211 XII
1248 4150 1371 4234 repeti,
1391 4149 1471 4216 huic
1492 4152 1561 4240 opi-

316 4254 318 4258 ’
412 4249 504 4314 nioni
517 4249 626 4335 ipsum
647 4248 729 4335 legis
751 4257 964 4335 praeceptum
985 4249 1133 4332 quamvis
1149 4249 1290 4315 invitum
1311 4253 1562 4320 accommodare

359 4555 364 4562 ,
482 4505 503 4568 ¹)
523 4507 560 4556 oi.
578 4507 639 4556 Nic.
659 4505 834 4572 Handjeryus
852 4507 932 4558 Obss.
952 4505 986 4556 de
1005 4505 1086 4556 furtis
1104 4523 1131 4574 p.
1150 4509 1182 4558 25
1201 4523 1261 4572 sqq.
1281 4510 1328 4574 qui
1347 4509 1472 4578 explicat
1492 4515 1562 4565 satis

413 4592 546 4642 habuisse
563 4590 734 4642 decemviros
753 4592 943 4656 quaestionem
969 4590 1142 4656 permittere,
1162 4592 1374 4656 prohibitionem
1394 4613 1477 4662 quam
1497 4616 1562 4666 spes

413 4692 469 4726 non
489 4673 589 4726 fuisset
606 4675 665 4726 fore
682 4681 712 4727 ut
731 4678 874 4742 quisquam
892 4675 1020 4739 auderet,
1039 4691 1095 4726 non
1113 4677 1251 4742 tetigisse.
