3709 5634
435 688 496 760 164
636 700 638 705 '
733 704 908 761 ruennrnn
932 711 1033 763 snnrs
1056 708 1281 762 senonensi.

520 966 635 1031 Cicero
658 967 699 1032 de
721 967 773 1033 off.
796 968 851 1032 ΙΙΙ
872 969 932 1049 31,
958 867 1017 1032 1161
1046 968 1198 1033 ‘Nullum
1227 971 1313 1033 enim
1340 966 1509 1033 uinculum
1536 968 1578 1033 ad

433 1068 704 1157 adstringendam
726 1069 824 1134 fidem
846 1070 1057 1137 iureiurando
1080 1072 1220 1135 maiores
1242 1072 1346 1135 artius
1369 1094 1442 1135 esse
1469 1070 1578 1135 uolue-

433 1180 519 1235 runt.
564 1169 606 1234 ld
627 1170 775 1237 indicant
802 1170 892 1255 leges
921 1173 956 1235 in
977 1171 1050 1237 XII
1071 1170 1212 1254 tabulis,
1240 1172 1390 1237 indicant
1416 1181 1580 1237 sacratae’

433 1294 459 1336 e.
501 1296 551 1337 .s.

477 1294 498 1358 q
517 1380 570 1438 Fr.
604 1379 685 1439 VIII
704 1386 741 1439 23
762 1379 866 1440 tribuit
886 1380 989 1439 Diris.

516 1613 723 1699 Augustinus
747 1612 788 1677 de
803 1613 867 1677 eiu.
883 1613 949 1679 Dei
964 1512 1053 1678 2Xm
1075 1614 1113 1677 11
1136 1613 1237 1679 ‘Octo
1259 1635 1381 1697 genera
1402 1638 1580 1701 poenarum

433 1716 467 1779 in
488 1714 617 1801 legibus
640 1737 712 1781 esse
735 1716 852 1781 scribit
874 1714 1017 1780 Tullius:
1047 1715 1222 1799 damnum,
1252 1716 1400 1799 uincula,
1429 1708 1600 1798 uerbera,

431 1817 602 1901 talionem,
637 1816 868 1903 ignominiam,
898 1815 1051 1899 exilium,
1076 1828 1232 1900 mortem,
1267 1820 1487 1884 seruitutem!
1523 1819 1579 1901 (id.

432 1920 552 1985 Isidor.
575 1920 633 1985 Or.
660 1918 779 2001 1127.)

977 2025 996 2062 *
1008 2021 1039 2086 8.

375 2092 392 2118 ⁹
517 2122 643 2189 Plinius
671 2123 712 2187 N.
734 2123 777 2187 H.
799 2123 868 2188 VII
895 2123 951 2202 60,
979 2123 1044 2186 212
1075 2123 1278 2188 ‘Duodecim
1311 2123 1434 2189 tabulis
1469 2135 1579 2190 ortus

433 2236 559 2291 tantum
583 2236 616 2291 et
637 2248 774 2290 occasus
796 2226 1023 2307 nominantur,
1044 2234 1122 2310 post
1148 2224 1274 2311 aliquot
1301 2248 1404 2289 annos
1434 2227 1579 2291 adiectus

432 2340 484 2394 est
506 2338 539 2392 et
559 2327 732 2393 meridies'
756 2350 784 2391 e.
801 2350 831 2412 q.
849 2350 875 2391 s.

989 2463 1021 2527 9.
1080 2449 1086 2459 .

518 2566 623 2631 Gaius
645 2564 726 2629 lnst.
749 2564 766 2629 Ι
795 2564 856 2628 122
883 2563 982 2628 ‘Ideo
1010 2574 1121 2629 autem
1148 2586 1204 2628 aes
1226 2573 1263 2628 et·
1286 2564 1372 2629 libra
1393 2564 1580 2647 adhibetur,

432 2669 512 2756 qnia
533 2667 611 2734 olim
634 2667 739 2732 aereis
762 2676 890 2731 tantum
911 2666 1052 2728 nummis
1074 2665 1270 2746 utebantur,
1298 2675 1333 2730 et
1360 2676 1457 2731 erant
1478 2689 1582 2749 asses,

433 2770 608 2858 dupondii,
631 2769 785 2834 semisses
815 2778 848 2833 et
870 2767 1088 2855 quadranteS,
1110 2788 1172 2830 1111
1193 2767 1279 2830 nllus
1307 2789 1427 2831 aureus
1454 2768 1509 2831 uel
1532 2791 1581 2832 ar·

431 2882 569 2957 genteus
591 2894 742 2938 nummus
770 2871 804 2934 in
825 2893 888 2934 usu
914 2880 1004 2949 erat,
1033 2868 1143 2932 sieut
1169 2892 1218 2932 ex
1245 2867 1336 2953 lege
1357 2869 1442 2933 XII
1464 2862 1581 2935 tabu-

433 2974 559 3039 larum
581 2972 826 3057 intellegere
848 2978 1077 3058 possumus'
1104 2992 1132 3033 e.
1148 2993 1179 3056 q.
1196 2994 1222 3034 s.

518 3081 568 3139 Aa
595 3080 676 3139 1'111
698 3086 731 3137 11
757 3086 815 3138 nol.
837 3078 938 3137 Diris.
982 3076 1027 3148 cs.
1055 3076 1255 3136 Mommsenas
1280 3077 1320 3137 de
1345 3094 1382 3137 re
1409 3082 1583 3138 nummario

434 3182 518 3243 Rosa.
536 3200 569 3258 p.
588 3188 643 3241 175
658 3197 703 3255 sq.

520 3381 624 3445 Gaius
647 3378 667 3445 l.
683 3380 715 3443 V
738 3378 779 3443 nd
802 3378 909 3462 legem
925 3376 998 3441 XII
1010 3376 1103 3442 tabb.
1125 3377 1170 3441 D.
1184 3377 1238 3456 50,
1262 3377 1313 3459 16,
1335 3378 1399 3442 231
1421 3378 1582 3443 ‘Duobus

433 3482 597 3566 negatinis
618 3482 729 3547 uerbis
752 3480 846 3568 quasi
866 3479 1029 3566 permittit
1054 3477 1111 3543 lex
1130 3480 1238 3564 magis
1264 3501 1363 3565 quam
1395 3479 1581 3565 prohibuit,
1683 3527 1684 3536 ,

434 3582 536 3671 idque
557 3582 658 3647 etiam
680 3582 815 3648 Seruius
837 3580 1099 3647 animaduertit’

960 3720 980 3757 a
1038 3727 1045 3735 ,

519 3821 571 3887 ld.
592 3821 613 3886 l.
630 3821 679 3887 vl
699 3821 746 3887 ib.
767 3820 831 3885 238
853 3823 874 3903 ξ
896 3820 913 3884 1
936 3718 1216 3884 ‘Dialestatum
1240 3827 1293 3883 est
1319 3821 1499 3886 testatione
1529 3778 1602 3886 de⁴

434 3924 644 3991 nuntiatum-³

965 4026 985 4065 *
997 4023 1047 4087 12.

519 4127 673 4194 Sidonius
695 4124 897 4214 Apollinaris
925 4125 991 4211 Ep.
1009 4123 1138 4188 Vfflo
1165 4123 1249 4188 ‘Per
1273 4125 1384 4211 ipsum
1407 4126 1479 4190 fere
1502 4137 1581 4192 tem·

432 4253 511 4319 pus,
532 4240 570 4295 ut
590 4228 852 4295 deoemuiraliter
872 4226 1004 4314 loquar,
1025 4225 1082 4291 lex
1096 4228 1138 4291 de
1152 4228 1411 4313 praescriptione
1425 4228 1581 4293 tricennii

434 4332 545 4398 iuerat
566 4330 870 4419 proquiritata!

451 4657 593 4708 ‚interisse
608 4656 626 4687 *
641 4658 738 4709 notavi
755 4672 790 4707 ea
809 4656 967 4723 fragmenta
983 4670 1099 4719 quonum
1115 4655 1229 4705 dubiam
1246 4669 1311 4704 esse
1328 4651 1410 4702 fidem
1427 4654 1559 4707 indicem.
