3709 5634
756 692 896 739 naevus
918 693 951 740 v.
1359 679 1418 743 131

364 946 524 1035 leianus
541 948 582 1013 fr.
598 948 720 1012 XXIX
737 948 765 1011 1.
795 946 898 1011 ‘Ciuis
914 948 1053 1013 Romani
1074 948 1187 1015 liberti
1207 947 1423 1015 hereditatem

278 1049 334 1113 lex
356 1048 529 1114 duodecim
552 1050 738 1117 tabularum
759 1060 897 1136 patrono
914 1048 1037 1131 defert,
1061 1052 1090 1114 si
1105 1052 1261 1117 intestato
1277 1051 1348 1116 sine
1363 1073 1423 1117 suo

278 1150 399 1217 herede
421 1150 557 1218 libertus
581 1150 776 1216 decesserit'
800 1174 828 1216 e.
844 1174 874 1237 q.
890 1174 915 1215 s.

366 1302 374 1318 .
399 1300 406 1316 .
432 1303 439 1319 .
462 1270 509 1317 Ex
531 1269 577 1317 ΕΑ
600 1269 808 1318 FAMILIAIN
829 1270 903 1317 EAM
925 1269 1102 1319 FAMILIAM
1126 1303 1134 1318 .
1157 1301 1165 1319 .
1190 1305 1198 1319 .

278 1564 340 1598 esse
360 1562 450 1597 rerum
468 1560 579 1596 auarum
597 1549 697 1596 uetant
715 1545 858 1597 duodecim
877 1545 1005 1609 tabulae3
1024 1547 1121 1609 itaque
1144 1562 1199 1597 non
1222 1550 1267 1596 est
1289 1547 1422 1612 scriptum

278 1633 315 1683 ‘si
333 1634 469 1694 insanus’‚
488 1630 537 1681 sed
555 1631 602 1680 ‘si
620 1631 772 1682 furiosus
792 1646 867 1681 esse
886 1631 1027 1696 incipit’
1047 1628 1096 1693 (id.
1116 1632 1163 1681 cit.
1181 1631 1286 1681 Nouius
1305 1648 1331 1697 p.
1349 1634 1420 1696 443).

276 1719 380 1768 Festus
398 1732 424 1781 p.
445 1716 493 1766 162
511 1716 546 1766 M.
566 1716 636 1766 ‘Nec
656 1716 878 1767 coniunctionem
896 1716 1072 1781 grammatici
1095 1716 1154 1766 lere
1173 1716 1269 1766 dicunt
1287 1732 1349 1767 csse
1368 1718 1422 1767 dis—

276 1803 445 1864 iunctiuam,
464 1805 495 1850 ut
512 1805 580 1851 ‘nec
602 1800 673 1866 legit
696 1816 748 1851 nec
771 1799 899 1863 scribit’3
924 1816 986 1851 cum
1009 1801 1033 1851 si
1060 1799 1221 1867 diligentius
1245 1802 1419 1868 inspiciatur,

276 1892 309 1938 ιιι
327 1886 398 1939 fecit
416 1885 528 1937 Sinnius
547 1885 662 1951 Capito,
681 1886 810 1951 intellegi
828 1885 919 1952 possit
937 1901 999 1937 eam
1016 1887 1137 1952 positam
1156 1902 1217 1937 esse
1241 1888 1277 1937 ab
1296 1889 1421 1953 antiquis

276 1989 327 2039 pro
346 1988 415 2033 non,
433 1976 464 2022 ut
482 1975 510 2022 et
528 1971 557 2021 in
575 1972 630 2023 XII
649 1975 702 2022 cst:
723 1975 793 2021 ‘ast
814 1997 849 2008 -
872 1971 983 2021 escit’
1018 1971 1123 2023 Paulus
1144 1970 1163 2024 l.
1182 1972 1247 2023 LIX
1265 1973 1300 2024 ad
1317 1972 1368 2023 Ed,
1387 1975 1421 2026 D.

276 2060 319 2119 50,
330 2060 371 2123 16,
382 2060 415 2109 53
426 2073 467 2123 pr.
481 2057 561 2108 ‘Nam
574 2072 634 2107 cum
647 2056 748 2107 dicitur
761 2056 833 2122 apud
845 2060 957 2107 ueteres
971 2056 1210 2123 ‘adgnatorum
1222 2058 1422 2124 gentilium·

276 2147 366 2210 que’‚
385 2158 434 2209 pro
452 2144 629 2209 separatione
654 2142 812 2207 accipitur!
849 2140 947 2193 Cicero
965 2140 998 2191 de
1017 2156 1074 2207 rep.
1092 2142 1137 2192 III
1153 2145 1200 2207 33,
1219 2145 1253 2194 45
1271 2143 1339 2195 ‘Nec
1356 2155 1423 2194 aero
1465 2208 1469 2219 Ι

277 2228 419 2292 conuenit,
431 2243 492 2278 cum
504 2228 668 2279 furiosorum
680 2229 754 2279 bona
763 2226 874 2293 legibus
887 2228 915 2276 ia
928 2227 1109 2293 adgnatorum
1122 2231 1262 2293 potestate
1272 2229 1338 2293 sint,
1348 2228 1422 2293 quod

277 2330 374 2365 eorum
390 2315 457 2365 iam'
472 2353 478 2367 .
492 2352 500 2368 .
513 2348 541 2365 ..
576 2312 640 2378 le.
656 2312 690 2362 fr.
704 2312 759 2363 XII
776 2314 792 2362 2
810 2312 880 2363 ‘Lex
898 2312 953 2364 XII
970 2313 1128 2364 tabularum
1146 2314 1280 2366 furiosum
1298 2317 1421 2381 itemque

276 2398 433 2466 prodigum,
448 2399 492 2449 cui
510 2398 589 2449 honis
608 2396 786 2448 interdictum
800 2402 851 2460 est,
869 2400 898 2448 in
911 2399 1054 2450 curatione
1067 2400 1146 2449 iubet
1158 2415 1220 2451 esse
1234 2405 1420 2467 agnatorum’

277 2487 348 2535 lust.
357 2485 428 2536 Inst.
439 2487 463 2551 1,
473 2486 506 2535 23
518 2484 533 2545 ξ
544 2486 559 2534 3
572 2483 692 2533 ‘Furiosi
705 2498 813 2549 quoque
826 2488 854 2535 et
865 2484 975 2550 prodigi
986 2484 1056 2535 licet
1067 2487 1186 2536 maiores
1199 2487 1423 2552 uigIntiquinque

277 2570 360 2620 annis
373 2570 438 2629 sint,
451 2573 544 2619 tamen
561 2568 590 2617 iu
609 2568 751 2619 curatione
770 2572 835 2619 sunt
853 2574 1018 2634 agnatorum
1036 2586 1070 2620 ex
1088 2571 1151 2637 lege
1169 2572 1223 2622 XII
1241 2571 1421 2622 tabularum)

275 2655 341 2721 le.
360 2654 378 2704 l.
398 2654 411 2704 1
430 2652 465 2703 ad
482 2652 548 2703 Sab.
576 2654 610 2705 D.
630 2655 673 2717 27,
693 2655 733 2717 10,
754 2658 766 2703 1
786 2654 874 2720 ‘Lege
893 2656 948 2705 XII
965 2655 1122 2705 tabulamm
1140 2656 1256 2722 prodigo
1274 2656 1419 2707 interdici·

276 2745 323 2789 tur
340 2740 473 2791 bonorum
492 2753 601 2789 suorum
620 2737 836 2789 administratio:
857 2740 929 2803 quod
946 2740 1068 2791 moribus
1087 2740 1196 2805 quidem
1215 2741 1250 2791 ab
1272 2741 1420 2792 initioin·

276 2824 433 2875 troductnm
451 2828 514 2877 est.’
543 2823 580 2873 ib.
600 2825 640 2874 13.
664 2824 697 2876 D.
716 2826 762 2887 26,
783 2826 811 2887 1,
831 2828 846 2875 3
864 2840 904 2890 pr.
929 2826 966 2879 ci.
984 2825 1019 2879 D.
1035 2826 1082 2889 28,
1103 2828 1191 2889 1,18.
1215 2829 1263 2888 29,
1281 2828 1312 2891 2,
1330 2829 1346 2877 5
1364 2828 1379 2889 5
1399 2830 1421 2877 1.

278 2910 344 2961 Gai.
362 2908 429 2959 Inst.
442 2908 515 2958 1164
534 2908 588 2957 ‘Ex
606 2906 715 2959 diuerso
735 2912 854 2973 agnatus
873 2909 972 2960 furiosi
991 2915 1101 2961 curator
1119 2925 1164 2961 res
1181 2910 1280 2963 furiosi
1298 2911 1422 2963 allenare

277 2998 373 3061 potest
397 3002 437 3045 ex·
452 2992 515 3058 lege
534 2992 587 3043 XII
604 2992 782 3045 tabularum’
824 2994 912 3045 Varro
936 2993 970 3044 de
988 3010 1010 3045 r.
1028 3010 1050 3048 r.
1072 2995 1134 3060 Ι2,
1157 2997 1173 3046 8
1198 2996 1274 3047 ‘Duo
1298 2998 1422 3063 inprimis

276 3082 423 3145 spectasse
445 3077 574 3127 uidentur
591 3078 687 3129 Italici
709 3078 835 3128 homines
860 3077 975 3129 colendo
998 3083 1146 3145 possentne
1169 3080 1277 3131 tructus
1299 3097 1348 3147 pro
1371 3083 1422 3131 im-

276 3179 366 3231 pensa
385 3179 419 3213 ac
431 3162 527 3214 labore
545 3162 635 3215 redire
655 3167 683 3214 et
700 3167 790 3215 utrum
808 3163 921 3215 saluber
938 3163 1015 3215 locus
1034 3169 1108 3215 essct
1125 3180 1162 3215 an
1180 3178 1249 3215 non:
1268 3180 1380 3231 quorum
1399 3168 1422 3219 si

277 3250 443 3301 alterutrum
462 3247 584 3299 decollat
602 3253 630 3298 et
651 3248 830 3300 nihilominus
854 3250 916 3313 quis
934 3249 996 3299 uult
1018 3249 1123 3312 colere,
1143 3253 1236 3300 mente
1259 3254 1302 3302 est
1320 3260 1421 3317 captus

277 3341 364 3400 atque
384 3333 419 3384 ad
437 3338 554 3399 agnatos
573 3337 602 3383 et
614 3333 734 3399 gentiles
753 3338 795 3385 est
813 3333 1011 3384 deducendus.’
1045 3334 1082 3386 id.
1102 3334 1258 3385 Columella
1275 3335 1309 3385 de
1327 3351 1349 3388 r.
1366 3352 1389 3387 r.
1408 3338 1422 3387 Ι

277 3422 331 3481 3,1
352 3416 454 3484 (errore
473 3419 593 3470 Catonem
604 3419 767 3485 antestetis).
803 3419 938 3469 Horatius
951 3417 1010 3472 Sat.
1022 3420 1051 3471 11
1068 3422 1093 3482 3,
1111 3422 1161 3471 218
1180 3419 1340 3471 ‘interdicto
1357 3421 1422 3471 huic

278 3520 357 3555 omne
377 3504 481 3555 adimat
499 3506 541 3555 ius
559 3505 675 3556 Praetor
693 3508 722 3555 et
740 3505 775 3555 ad
793 3518 876 3555 sanos
895 3504 980 3555 abeat
998 3504 1087 3555 tutela
1104 3507 1293 3571 propInqnos.’

346 3609 371 3658 8.
390 3606 528 3673 leianus
547 3608 565 3658 l.
578 3608 668 3659 XLVI
685 3608 721 3658 ad
740 3606 782 3658 cd.
799 3608 834 3657 D.
847 3608 889 3671 50,
909 3604 954 3671 16,
975 3610 1023 3659 195
1039 3610 1055 3671 §
1072 3610 1085 3657 1
1105 3607 1158 3657 ‘Ad
1176 3623 1309 3673 personas
1328 3611 1421 3659 autem

277 3696 399 3746 retertur
417 3693 542 3744 familiae
561 3692 728 3760 significatio
747 3694 796 3755 ita¹
817 3709 877 3744 cnm
896 3694 929 3743 de
948 3698 1065 3759 patrono
1084 3697 1112 3743 et
1129 3693 1230 3745 liberto
1242 3692 1421 3757 loquiturlex

278 3786 334 3831 ‘cx
353 3795 392 3831 ea
410 3778 572 3843 familia’,
591 3780 689 3844 inquit,
708 3780 758 3829 ‘in
777 3794 846 3829 eam
864 3778 1056 3828 familiam’
1075 3782 1103 3828 et
1120 3780 1167 3829 hic
1185 3779 1219 3829 de
1232 3778 1421 3844 singularibus

278 3863 403 3931 personis
421 3864 512 3931 legem
531 3864 608 3927 loqui
621 3867 749 3916 constat!
774 3862 844 3916 Ooll.
857 3863 887 3917 ll.
901 3864 967 3917 XVI
979 3866 1005 3926 8,
1017 3866 1043 3916 2.
1064 3863 1200 3929 leianus
1213 3865 1246 3915 de
1259 3865 1317 3915 suis
1330 3863 1371 3929 (et
1382 3864 1420 3915 le—

279 3948 395 4016 gItimis)
420 3949 576 4001 heredibus.
605 3949 746 4001 ‘Ceterum
772 3949 796 3999 si
819 3948 968 3999 libertinus
992 3953 1036 3999 est
1062 3950 1109 4000 uel
1130 3949 1276 4009 libertina,
1304 3953 1421 4015 patrono

280 4036 339 4087 eius
358 4035 486 4102 legitima
503 4036 646 4087 hereditas
663 4040 832 4101 patronaeue
856 4035 919 4102 lege
943 4033 1085 4085 duodecim
1108 4034 1265 4084 tabularum
1289 4033 1420 4085 defertur.

279 4122 316 4171 ib.
329 4122 384 4183 9,2
403 4120 521 4183 ‘Quodsi
539 4122 563 4171 is
582 4122 628 4186 qui
641 4119 762 4171 decessit
779 4120 851 4171 liber
869 4122 923 4171 luit
942 4137 974 4171 ex
988 4120 1104 4184 (absque
1117 4118 1295 4184 Solstitinpius)
1313 4134 1421 4169 reman-

279 4205 419 4271 cipatione
437 4207 628 4269 manumissus,
641 4206 688 4255 lex
701 4205 810 4270 quidem
822 4206 965 4256 duodecim
979 4204 1135 4255 tabularum
1148 4204 1341 4254 manumissori
1352 4204 1422 4269 legi-

279 4292 375 4343 timam
393 4290 576 4342 hereditatem
595 4291 713 4342 detulit)
750 4291 838 4343 (laius
855 4290 922 4341 Inst.
941 4290 1035 4341 11140
1053 4287 1100 4353 (id.
1117 4289 1185 4342 Iust.
1204 4291 1272 4341 Inst.
1290 4292 1316 4354 3,
1334 4292 1349 4339 7
1368 4288 1420 4355 pr.)

280 4376 360 4428 ‘Nam
379 4378 421 4428 ita
439 4376 547 4429 demum
564 4377 610 4429 lex
626 4378 680 4429 XII
692 4376 849 4429 tabularum
868 4377 902 4428 ad
920 4376 1104 4428 hereditatem
1122 4375 1217 4425 liberti
1234 4375 1355 4425 uocabat
1373 4390 1420 4440 pa-

364 4655 393 4717 8.
417 4655 465 4715 ‘es
480 4654 580 4716 lumilia
602 4654 629 4714 in
651 4670 710 4715 eam
725 4654 852 4715 inmittam
867 4656 910 4714 ius
926 4653 1043 4714 haheto’
1058 4670 1082 4712 s.
1098 4655 1147 4710 ‘er
1162 4671 1194 4710 cs
1209 4652 1226 4709 l.
1247 4654 1372 4727 proximo
1393 4654 1421 4708 in

281 4762 338 4801 eam
354 4745 371 4801 l.
388 4746 431 4801 ius
447 4744 525 4801 esto'
539 4744 633 4815 suppl.
652 4743 817 4801 Huschlcius
832 4742 906 4800 Mus.
921 4743 965 4799 rh.
982 4743 1039 4799 tur.
1062 4739 1123 4798 VII
1135 4743 1175 4796 64
1190 4756 1219 4796 n.
1238 4742 1282 4795 12.

1173 4836 1217 4899 9*
