3709 5634
428 659 468 723 76
774 638 782 656 ”
839 672 952 720 asevs
976 670 1153 732 qsmnrvn.

408 827 628 915 pronominis
655 832 744 906 ‘qvis'
770 848 830 912 pro
855 832 945 904 ‘vvr⁷,·
970 847 1066 913 quem
1091 823 1134 888 ad
1159 822 1302 902 foederis
1327 824 1439 889 Latini
1467 823 1570 890 verba

429 931 518 1017 apud
533 930 668 995 Festum
688 952 720 1015 p.
741 928 801 993 166
823 933 1003 993 ‘Pecuniam
1022 933 1088 1005 qun
1106 933 1257 999 nancitor,
1282 931 1403 991 nabeto'
1424 926 1570 993 breviter

428 1034 558 1098 notavit
579 1031 725 1115 Scaliger
746 1036 828 1109 ‘qvis
842 1054 901 1117 pro
922 1037 976 1109 qvi
995 1029 1190 1111 doxainirc':
1212 1030 1270 1095 ubi
1289 1051 1463 1116 perperam
1485 1035 1569 1108 ‘aui’

429 1157 513 1201 corr.
530 1134 746 1219 Augustinus.
776 1132 902 1198 Eodem
917 1132 1059 1219 pertinet
1073 1131 1108 1194 in
1121 1132 1196 1217 ipsa
1209 1130 1282 1216 lege
1297 1131 1367 1224 IIII
1384 1136 1495 1210 ‘qnid
1513 1136 1569 1195 iro-

429 1258 497 1302 rnrn
509 1241 573 1313 snit
586 1256 676 1300 anun
692 1240 786 1299 indici
798 1239 947 1301 arbitrove
961 1254 1061 1306 reove,
1077 1253 1112 1297 eo
1126 1238 1190 1298 aies
1209 1237 1356 1311 diffensus
1375 1241 1451 1297 esto'
1469 1232 1567 1319 (112)

430 1363 482 1427 ap.
499 1340 633 1403 Festum
648 1339 766 1425 pais:
785 1358 848 1425 quo
863 1336 935 1403 loco
951 1336 1141 1401 Turnebum
1153 1336 1258 1402 secuti
1273 1342 1312 1400 ‘si
1324 1341 1408 1415 qaid'
1425 1334 1570 1420 Scaliger

319 1509 321 1514 .
431 1452 463 1508 et
478 1441 518 1507 O.
533 1440 711 1506 Muellerus
728 1439 898 1505 dederunt.
919 1438 1033 1525 Neque
1049 1439 1083 1502 in
1098 1437 1171 1524 lege
1187 1437 1279 1504 oleae
1292 1437 1468 1503 faciundae
1483 1436 1569 1524 apud

431 1544 589 1610 Catonem
604 1566 630 1609 r.
646 1566 673 1608 r.
689 1566 717 1607 c.
738 1542 797 1607 145
819 1546 962 1605 ‘nomines
976 1562 1026 1605 eos
1040 1545 1111 1605 anto
1125 1548 1179 1620 qai
1191 1546 1355 1621 placebant
1372 1552 1425 1605 avt
1440 1546 1571 1618 (aomina

427 1638 497 1727 ant)
512 1650 629 1711 custodi
642 1656 695 1710 avt
709 1651 773 1724 qai
777 1666 791 1707 s
805 1664 871 1709 earn
886 1650 981 1709 oleam
995 1649 1110 1707 emerit
1126 1644 1243 1709 merito
1253 1642 1307 1709 vel
1323 1650 1388 1723 ‘qvi
1404 1652 1484 1707 earn’
1503 1664 1570 1711 cor·

431 1758 587 1814 rexerunt
607 1748 733 1835 priores
756 1746 897 1812 editores
918 1746 972 1812 vel
989 1752 1059 1824 ‘qni
1076 1752 1157 1808 sam’
1178 1767 1284 1831 nuper
1303 1745 1470 1811 Usenerus
1486 1745 1571 1811 Mus.

430 1852 478 1917 rh.
495 1850 583 1915 XIX
598 1874 630 1938 p.
649 1850 723 1913 144:
742 1858 774 1913 et
788 1858 876 1913 recte
890 1847 980 1934 apud
995 1846 1134 1912 eundem
1150 1846 1307 1913 Catonem
1323 1869 1351 1911 c.
1369 1848 1429 1913 148
1447 1855 1487 1913 ‘si
1504 1859 1572 1912 ante

430 1975 489 2019 non
504 1959 720 2034 deportaverit,
736 1956 871 2017 dominas
886 1957 955 2015 vino
969 1955 1060 2030 qvia
1077 1956 1154 2015 valet
1163 1954 1276 2027 saciet’
1298 1950 1410 2015 iudea
1424 1950 1571 2017 Victoris

431 2039 565 2122 servant
580 2055 735 2121 editores.
763 2052 857 2118 Idem
872 2062 983 2131 autem
997 2075 1077 2117 usus
1091 2053 1126 2115 in
1141 2052 1236 2118 Oscis
1251 2053 1471 2117 monumentis
1487 2075 1571 2119 com-

430 2169 525 2245 paret
545 2158 629 2223 Tab.
651 2157 748 2221 Bant.
771 2180 803 2221 v.
822 2157 860 2221 19
882 2162 947 2235 ‘pis
966 2176 1033 2220 ceos
1052 2157 1183 2219 Bantius
1199 2158 1282 2231 fast'
1307 2154 1329 2218 i.
1345 2177 1373 2219 e.
1396 2154 1470 2241 ‘qui
1490 2155 1571 2220 civis

431 2260 592 2324 Bantinus
613 2260 673 2325 sit'
696 2268 728 2323 et
743 2258 837 2345 inp.
855 2256 964 2324 Abell.
987 2262 1076 2320 ‘inim
1093 2262 1152 2337 pict
1171 2263 1232 2321 esei
1248 2260 1415 2321 tnesavrei'
1438 2257 1460 2321 i.
1478 2279 1506 2322 e.
1525 2265 1572 2321 ‘et

431 2360 592 2448 quidquid
608 2384 634 2425 s.
651 2360 738 2447 quod
758 2361 792 2424 in
814 2382 850 2425 eo
872 2360 1025 2425 thesauro
1040 2368 1109 2424 est'
1133 2359 1175 2424 of.
1191 2358 1413 2425 Mommsenus
1428 2358 1482 2424 De
1497 2357 1571 2424 Ital.

431 2462 689 2542 inferiorisdial.
705 2484 737 2548 p.
753 2462 827 2527 290.

517 2564 708 2631 Tenendum
739 2574 789 2629 est
822 2574 932 2630 autem
964 2565 1128 2630 tertiam
1159 2586 1288 2652 semper
1322 2564 1357 2628 in
1388 2563 1571 2651 praeceptis

432 2690 639 2755 personam
655 2666 816 2752 intellegi,
831 2689 1009 2766 numquam
1024 2666 1176 2732 alteram:
1194 2678 1230 2733 ut
1244 2667 1312 2732 iam
1326 2665 1403 2731 inde
1419 2666 1572 2753 suspitio·

332 2778 334 2782 ”
432 2770 482 2835 nis
497 2780 608 2835 notam
625 2768 723 2834 ducat
744 2769 831 2857 quod
852 2769 972 2860 iniuria
991 2768 1057 2853 legi
1077 2791 1097 2832 a
1118 2768 1234 2837 Servio
1254 2770 1409 2857 imputari
1429 2768 1572 2835 vidImus

432 2878 520 2937 ‘neve
539 2878 668 2937 alienant
687 2883 813 2951 segetem
828 2878 1035 2951 pellexeris'
1060 2870 1160 2955 (VIII
1179 2871 1226 2956 7).
1257 2873 1367 2957 Atque
1392 2872 1455 2935 hoc
1474 2869 1573 2935 semel

433 2975 563 3060 saepius
578 2974 795 3059 neglexerunt
810 2974 866 3061 qui
887 2974 922 3037 in
942 2972 1013 3058 lege
1036 2973 1160 3039 versati
1179 2983 1271 3038 sunt:
1292 2983 1330 3038 ut
1350 2973 1420 3038 Χ5
1442 2977 1574 3038 ‘Homini

432 3090 597 3140 mortuone
616 3097 683 3141 ossa
703 3083 790 3155 levita
810 3097 866 3155 qvo
884 3086 953 3155 post
968 3079 1065 3152 sanas
1081 3079 1200 3153 faciat'
1216 3074 1350 3141 fuerunt
1365 3076 1422 3162 qui
1437 3080 1570 3153 ‘facias’

433 3178 635 3263 corrigerent
649 3218 691 3227 —
706 3178 763 3244 ubi
783 3178 944 3242 Dirkseni
964 3179 1048 3243 mira
1069 3187 1118 3243 est
1136 3178 1312 3245 haesitatio
1333 3201 1365 3265 p.
1381 3179 1445 3243 673
1461 3218 1502 3227 -
1518 3187 1573 3242 aut

432 3280 482 3344 VI
503 3281 520 3344 7
543 3278 769 3345 Gothofredus
792 3278 883 3345 dedit
901 3284 1049 3359 ‘Tianvrn
1073 3287 1204 3345 iunctam
1229 3285 1352 3345 aedibus
1377 3288 1516 3346 vineaeve
1537 3302 1573 3376 ne

432 3402 564 3461 concana
585 3392 614 3445 et
633 3403 670 3445 ne
690 3388 807 3446 solvito'
830 3391 887 3446 aut
908 3405 951 3447 ex
969 3384 1062 3447 Festi
1082 3382 1194 3468 glossa
1213 3407 1245 3469 p.
1260 3383 1325 3448 264
1345 3389 1494 3463 ‘rupitias
1508 3387 1577 3447 XII

433 3491 584 3563 significat
604 3488 746 3547 damnvm
767 3488 900 3548 aeaerit’
925 3483 1062 3551 Contius
1079 3484 1199 3571 aliique
1215 3486 1390 3551 effecerunt
1405 3492 1505 3566 ‘qaod
1516 3508 1572 3549 ru-

431 3592 522 3666 pitias
541 3592 668 3649 sarcito'
683 3623 727 3633 —
742 3590 896 3650 ‘dederis'
918 3586 1007 3672 apud
1027 3587 1116 3651 Fest.
1137 3596 1275 3670 mutato,
1302 3587 1452 3672 neglexit
1477 3588 1574 3666 etiam

433 3690 488 3775 qui
503 3710 607 3773 nuper
622 3710 664 3752 ex
679 3688 915 3774 Porphyrionis
932 3687 1042 3753 verbis
1058 3688 1221 3774 corruptis
1241 3688 1322 3753 haec
1341 3700 1488 3755 monstra
1502 3689 1573 3755 effe

433 3792 477 3863 cit
491 3795 536 3854 ‘si
556 3796 587 3853 in
602 3796 648 3854 ias
663 3797 787 3872 vacasti,
803 3796 836 3853 ni
854 3797 889 3867 it,
905 3797 1083 3854 antestarnin
1104 3797 1211 3868 iqitvr,·
1230 3812 1273 3855 cn
1289 3793 1345 3877 (ε
1360 3793 1436 3877 age)
1458 3799 1571 3872 capito’

432 3890 630 3959 Hauthalius
650 3892 685 3957 in
700 3891 821 3957 Annal.
841 3893 889 3957 rei
908 3914 1059 3979 gymnas.
1084 3892 1138 3974 18,
1154 3892 1216 3957 518
1232 3903 1281 3980 sq.
1312 3892 1376 3958 Ed.
1399 3894 1572 3960 Scholiast.

433 3994 513 4060 Hor.
530 3994 566 4059 ΙΙ
583 3996 598 4058 1
616 4016 648 4081 p.
668 3994 727 4059 165
737 3996 762 4077 Ῑ)
770 4043 779 4077 ,
795 4018 863 4061 non
877 3993 1006 4060 felicior
1020 3993 1076 4059 ille
1092 3995 1219 4060 Rittero
1241 3996 1298 4083 qui
1319 3995 1399 4061 talia
1413 4020 1572 4064 commen·

433 4106 486 4162 tus
502 4106 567 4162 est:
585 4101 625 4161 ‘si
638 4104 681 4162 vis
696 4104 843 4163 vocationi
856 4109 963 4175 testem,
979 4116 1046 4160 evm
1062 4103 1174 4175 tannito
1188 4084 1265 4162 enda
1280 4104 1400 4177 capite!
1479 4152 1482 4158 .

503 4302 526 4370 ¹)
546 4303 598 4355 Cui
615 4305 687 4371 quod
705 4304 900 4357 ‘antestanino’
919 4304 966 4355 vel
985 4304 1057 4369 quod
1074 4306 1182 4356 invenit
1200 4308 1383 4357 ‘antestamin’
1403 4306 1495 4359 altera
1512 4311 1572 4357 tsn-

433 4396 490 4439 tum
508 4404 627 4454 persona
645 4392 732 4441 statui
748 4406 830 4457 posse
848 4390 991 4453 videatur,
1009 4389 1199 4455 inspiciendus
1221 4390 1276 4440 fuit
1293 4391 1452 4457 Madvigius
1471 4392 1570 4457 Opusc.

433 4475 461 4523 Il
479 4491 507 4538 p.
525 4475 582 4525 240.
619 4475 744 4526 Tertiam
762 4476 850 4527 habes
869 4475 1009 4538 ‘fruimino’
1029 4476 1099 4525 Tau.
1119 4475 1236 4529 Genuat.
1256 4478 1297 4528 32.
1316 4478 1497 4541 ‘profitenvina’
1515 4477 1571 4525 Lex

434 4559 506 4609 Iulia
526 4574 598 4607 rnun.
617 4563 643 4611 3.
662 4563 686 4613 5.
706 4562 729 4613 6.
751 4562 790 4609 11.
816 4562 1032 4610 ‘denuntiandae’
1051 4560 1111 4609 Lex
1129 4560 1163 4611 de
1182 4562 1263 4624 aquIs
1283 4577 1328 4626 ap.
1345 4561 1494 4611 Matinium
1513 4561 1570 4609 Act.

434 4644 467 4693 ir.
487 4642 581 4693 Arvsl.
600 4643 614 4692 1
632 4662 657 4709 p.
672 4647 713 4707 70,
735 4646 774 4695 16.
798 4647 924 4694 ‘consules
942 4647 1128 4709 appellanu'no⁷
1147 4644 1183 4710 (i)
1204 4644 1302 4696 Cicero
1320 4645 1354 4695 de
1372 4644 1427 4711 leg.
1446 4645 1530 4709 1113,
1548 4648 1570 4700 8,

434 4728 482 4779 ubi
501 4730 707 4793 ‘appellaminoe’
727 4729 863 4794 Bergkius
882 4729 954 4779 Phil.
974 4731 1014 4794 14,
1035 4731 1092 4780 186.
