3709 5634
429 644 476 691 DE
498 643 692 693 VETERIBVS
715 643 767 691 ΧΠ
789 643 1003 696 TABVLARVM
1025 646 1310 698 IN'PERPRETlBVS·
1397 634 1440 700 25
1534 705 1537 712 ,
1615 645 1622 654 “

292 787 406 885 ‘opinio
428 809 478 864 cst
499 820 570 881 eam
591 800 776 865 continuam
792 797 1045 886 explicationem
1060 799 1164 867 fuisse
1178 803 1326 890 inprimis
1342 826 1438 870 voca-

297 901 446 967 bulorum
460 902 718 967 inveteratorum
733 901 1071 989 obscuriorumque¹):
1088 904 1123 968 in
1138 927 1201 992 quo
1217 906 1438 972 Mommscnus

298 1004 354 1089 (H.
369 1005 409 1069 R.
426 1005 443 1070 I
458 1027 490 1089 p.
507 1004 583 1093 913)
605 1003 749 1070 affirmat
767 1007 833 1069 iam
848 1005 1052 1072 Graecorum
1067 1009 1301 1091 grammaticae
1317 1007 1438 1074 studio-

296 1130 367 1172 rum
393 1105 557 1194 quandam
582 1108 650 1173 vim
664 1107 816 1196 perspici.
852 1106 919 1172 Sed
942 1130 980 1172 ea
1001 1109 1110 1195 opinio
1131 1133 1195 1176 non
1217 1109 1348 1178 aliunde
1362 1120 1440 1176 nata

297 1232 368 1275 esse
383 1209 516 1280 videtur
529 1209 594 1274 nisi
610 1209 713 1274 exeis
729 1231 812 1296 quae
827 1210 867 1275 de
882 1211 973 1278 uocis
990 1217 1103 1276 ‘lessus’
1120 1213 1252 1280 notione
1264 1236 1284 1279 a
1296 1213 1329 1279 S.
1343 1213 1438 1279 Aelio
1484 1290 1486 1294 y

297 1336 363 1380 non
378 1313 459 1378 satis
475 1313 631 1399 expedita
646 1312 760 1379 Cicero
775 1313 913 1378 rettulit:
932 1334 1005 1377 cum
1020 1335 1112 1379 secus
1128 1337 1198 1380 rem
1210 1316 1315 1402 accipi
1326 1315 1440 1382 iubeat

297 1416 368 1502 ipse
382 1415 555 1502 Pomponii
576 1415 677 1480 locus.
717 1417 750 1480 Is
773 1416 956 1481 enimcum
978 1415 1065 1481 dicat
1086 1418 1257 1505 tripertitis
1279 1419 1439 1483 contineri

297 1517 419 1604 legem,
441 1517 760 1604 interpretationem,
780 1517 862 1602 legis
878 1519 1040 1583 actionem
1048 1567 1057 1602 ,
1080 1521 1143 1584 tria
1158 1518 1214 1584 illa
1228 1521 1301 1585 iura
1314 1519 1439 1584 intelle·

295 1621 359 1705 git,
377 1619 552 1706 dequibus
568 1619 610 1686 ab
625 1620 718 1686 initio
735 1629 934 1707 exposuerat
948 1625 968 1704 ξ
983 1621 1085 1702 4-6,
1100 1621 1158 1688 ubi
1174 1644 1217 1690 ex
1231 1621 1302 1688 XII
1319 1617 1454 1688 tabulis
1473 1617 1476 1622 ’
1493 1617 1495 1622 ’

296 1721 395 1788 fluere
416 1723 565 1815 coepisse
583 1733 617 1788 et
636 1724 688 1788 ius
711 1721 806 1790 civile
822 1725 843 1788 i.
861 1746 888 1789 e.
913 1722 1173 1811 prudentium
1192 1726 1440 1811 interpreta-

298 1826 446 1915 tionem
459 1826 742 1912 necessariamque
757 1826 822 1892 fori
837 1824 1112 1912 disputationem,
1137 1836 1170 1892 et
1189 1826 1272 1912 legis
1295 1827 1438 1898 actiones

239 1958 242 1967 ³
297 1927 408 1995 docuit
423 1928 469 2013 (ξ.
484 1927 514 1992 6.
535 1927 580 2013 8).
615 1930 726 2014 Atque
748 1928 783 1993 id
804 1929 914 2015 ipsum
935 1937 1063 2014 spectat
1083 1929 1170 2014 quod
1191 1927 1286 1995 addit
1306 1951 1380 1994 eum
1402 1929 1440 1994 li-

296 2031 391 2096 brum
406 2029 510 2096 veluti
525 2029 688 2096 cunabula
702 2030 784 2095 iuris
800 2033 975 2098 continere.
999 2031 1152 2098 Forensis
1168 2032 1269 2116 igitur
1284 2031 1359 2114 fuit,
1374 2055 1440 2104 nou

296 2131 513 2218 grammatica
526 2132 769 2219 interpretatio:
786 2155 869 2221 quae
884 2155 1082 2221 quamquam
1097 2135 1132 2210 in
1148 2134 1350 2219 singularum
1364 2156 1441 2221 quo·

298 2258 359 2323 qne¹
374 2256 494 2301 vocum
508 2234 784 2322 significationem
800 2237 965 2324 inquirere
981 2235 1059 2303 data
1071 2239 1241 2303 occasione
1252 2259 1318 2302 non
1330 2259 1440 2323 super·

297 2338 397 2420 sedit,
423 2347 533 2404 tamen
553 2339 588 2402 in
607 2338 900 2406 iureconsultomm
921 2341 1115 2406 auctoritate
1140 2338 1352 2427 proponenda
1371 2347 1442 2405 tota

296 2441 502 2509 versabatur.
533 2439 688 2527 Sequitur
714 2451 823 2507 autem
848 2465 891 2508 ex
915 2441 977 2506 hac
1007 2442 1114 2529 operis
1138 2453 1233 2530 parte
1254 2465 1293 2508 ea
1313 2435 1441 2530 ¹quoque

297 2545 471 2632 desumpta
484 2543 557 2611 esse
571 2566 656 2629 quae
670 2545 804 2631 propria
819 2545 915 2612 Aelio
931 2567 951 2610 a
965 2545 1134 2612 veteribus
1149 2554 1388 2611 memorantur:
1405 2553 1443 2610 ut

297 2670 394 2734 quam
420 2646 576 2713 Cicerone
603 2655 687 2712 teste
714 2649 971 2714 controversiam
997 2647 1100 2714 movit
1122 2646 1279 2743 (adxfam.
1296 2645 1365 2712 VII
1384 2646 1439 2729 22)

298 2759 445 2837 ‘possetne
459 2754 546 2815 heres
559 2754 642 2830 quod
650 2754 770 2828 furtum
785 2761 875 2815 unua
886 2754 1005 2828 factam
1020 2760 1095 2815 esset
1099 2773 1107 2824 ,·
1130 2760 1209 2815 recte
1226 2753 1309 2826 furti
1327 2756 1440 2828 oqera’·

298 2861 356 2918 aut
381 2853 469 2940 quod
495 2854 553 2917 ‘tus
578 2872 693 2932 quoquc
718 2862 748 2916 et
770 2873 871 2922 cereos
897 2859 929 2916 ia
951 2857 1139 2916 domesticum
1161 2872 1247 2917 asam
1266 2855 1390 2932 putatos
1410 2856 1442 2914 ia

293 2977 393 3035 penu
413 2976 476 3045 csse
495 2960 616 3035 scripsit
638 2953 780 3039 (Gellius
796 2953 846 3019 IV
863 2956 892 3037 1,
908 2953 960 3018 20.
984 2955 1063 3039 Dig.
1079 2954 1137 3036 33,
1153 2954 1190 3036 9,
1206 2954 1241 3034 3,
1259 2957 1289 3036 ξ.
1308 2954 1357 3039 9),
1384 2961 1442 3018 aut

298 3061 407 3138 ‘siper
429 3069 588 3144 emptorem
607 3065 719 3123 steterit
736 3064 892 3137 quominus
911 3063 940 3121 ei
965 3055 1145 3138 maurusium
1173 3060 1359 3138 traderetur,
1383 3055 1442 3135 p'ro

297 3165 420 3226 cibariis
441 3181 500 3240 per
528 3165 675 3226 arbitrum
692 3165 926 3245 'indemnitatem
953 3179 1040 3239 posse
1068 3165 1200 3224 serocrt’
1233 3158 1448 3244 confirmavit

297 3265 355 3350 (D.
374 3263 426 3347 19,
444 3264 473 3345 1,
489 3262 586 3350 38).²)
1334 3293 1341 3328 s

305 3395 312 3400 ·
379 3367 433 3431 De
462 3363 564 3430 altero
594 3365 652 3452 qui
677 3363 710 3431 S.
737 3364 832 3430 Aelio
859 3387 880 3429 a
905 3365 1064 3430 Cicerone
1090 3365 1237 3450 iungitur
1262 3364 1441 3450 interprete

296 3470 335 3534 L.
351 3467 486 3555 Acilio
501 3489 568 3534 non
583 3469 663 3532 satis
679 3491 720 3533 ne
733 3468 776 3532 dc
790 3468 862 3554 ipso
879 3466 1012 3554 quidem
1026 3467 1158 3532 nomine
1173 3475 1315 3532 constat:
1341 3488 1437 3553 quem

296 3573 332 3637 P.
354 3571 528 3637 Atilium
553 3569 695 3656 appellet
715 3570 914 3657 Pomponius
937 3570 959 3633 l.
980 3569 1001 3634 l.
1025 3573 1056 3652 ξ.
1073 3570 1125 3634 38.
1156 3569 1278 3634 Verum
1300 3591 1374 3636 cum
1398 3570 1440 3634 ab
1471 3621 1473 3626 .

296 3673 357 3740 hoc
373 3681 507 3738 auctore
522 3673 557 3736 in
571 3673 782 3759 praenomine
798 3681 942 3737 erratum
959 3693 1030 3736 esse
1045 3693 1139 3735 nemo
1154 3680 1263 3756 neget,
1279 3693 1320 3736 ne
1336 3672 1437 3736 nomi-

297 3778 347 3842 nis
362 3775 496 3863 quidem
510 3774 650 3839 formam
665 3783 752 3840 recte
768 3776 922 3841 existimo
939 3797 959 3838 a
973 3772 1138 3860 plerisque
1154 3783 1187 3839 et
1200 3774 1281 3837 iuris
1303 3773 1438 3858 scripto-

297 3878 388 3945 ribus
405 3879 439 3942 et
453 3877 619 3942 Ciceronis
635 3876 817 3943 editoribus
824 3877 851 3963 3)
873 3876 1037 3941 constanti
1053 3875 1186 3960 duobus
1203 3860 1288 3939 locis
1306 3873 1361 3959 (de
1377 3873 1441 3959 leg.

298 3981 400 4065 1123,
415 3981 468 4047 59.
492 3980 583 4047 Lael.
598 3979 630 4061 2,
646 3980 680 4068 6)
697 3979 847 4045 codicum
859 3977 1150 4045 Ciceroniancrum
1161 3975 1337 4042 memoriae
1348 3999 1441 4062 prae·
1470 3977 1472 3986 ’

298 4083 387 4149 ferri.
421 4083 599 4149 Praeterea
616 4081 678 4147 hoc
698 4092 826 4148 tantum
847 4079 1065 4167 comperimus
1082 4078 1273 4166 ‘Sapientis'
1289 4099 1363 4144 eum
1385 4098 1436 4143 co-

299 4187 450 4271 gnomine
465 4194 617 4253 ornatum
632 4207 704 4250 esse
720 4190 805 4263 ‘quia
818 4188 956 4264 prudens
971 4203 1034 4248 esse
1049 4188 1080 4247 in
1095 4187 1160 4248 iure
1175 4186 1257 4246 civili
1267 4187 1438 4261 putaretor’

366 4461 387 4528 ¹)
406 4464 443 4516 cf.
460 4465 621 4516 Vaassenus
638 4461 726 4511 Anim.
745 4461 780 4511 ad
799 4461 865 4512 last.
883 4475 949 4511 rom.
968 4476 995 4526 p.
1014 4461 1064 4510 222
1084 4459 1119 4509 al.

365 4547 387 4614 ²)
405 4548 491 4615 Fugit
507 4547 554 4599 hic
572 4547 650 4599 locus
668 4563 715 4599 eos
734 4547 780 4612 qui
799 4545 827 4601 S.
845 4545 919 4599 Aelii
936 4544 1061 4610 reliquiis
1081 4543 1245 4610 colligendis
1264 4559 1375 4610 operam
1394 4541 1439 4592 de-

301 4632 404 4686 derunt.
621 4644 624 4648 '

368 4717 390 4784 ³)
410 4719 493 4771 etiam
513 4719 627 4770 Osanno
645 4718 679 4770 ad
697 4718 875 4784 Pomponium
895 4718 912 4768 l.
932 4718 951 4772 l.
