3709 5634
414 639 456 705 52
596 727 603 739 α
835 655 948 715 crrvr
970 656 1157 711 resurr-u..

416 812 525 893 Quare
541 811 569 876 si
585 810 673 899 quod
686 812 722 875 in
737 832 776 877 ea
791 809 981 877 collectione
998 819 1208 898 praeceptum
1219 811 1347 877 eisdem
1360 810 1473 877 verbis
1489 834 1559 899 per-

415 916 573 1004 scriptum
587 914 652 979 fuit
665 915 835 1001 quibusin
849 912 920 978 XII
935 912 1057 987 tabulis
1065 962 1075 996 ,
1091 936 1134 978 ex
1153 913 1213 979 his
1229 915 1342 1001 potius
1360 924 1397 979 ut
1412 936 1455 979 ex
1469 914 1571 979 fonte.

414 1020 568 1083 haustum
584 1040 656 1083 esse
671 1016 812 1083 videtur.
849 1016 936 1081 Nam
956 1038 1032 1081 cum
1055 1038 1098 1081 ex
1111 1013 1254 1104 ¹antiquo
1274 1016 1345 1081 iure
1360 1015 1456 1103 plura
1472 1040 1492 1081 a
1507 1017 1560 1082 de·

415 1121 568 1189 cemviris
584 1130 716 1209 recepta
730 1142 803 1185 esse
818 1117 1017 1210 constaret¹)
1033 1116 1105 1183 fieri
1119 1119 1204 1185 bene
1217 1129 1359 1206 poterat,
1375 1127 1413 1184 ut
1427 1127 1562 1187 servata

414 1226 543 1312 priscae
559 1224 694 1309 originis
710 1222 865 1290 memoria
879 1230 995 1309 postea
1015 1221 1084 1287 suis
1100 1244 1247 1309 quaeque
1268 1223 1324 1311 qui
1344 1222 1562 1288 tradebantur

362 1406 364 1409 ¹
414 1328 605 1395 auctoribus
620 1328 882 1393 restituerentur.

498 1430 572 1496 Hoc
586 1438 696 1495 autern
710 1452 777 1495 non
792 1428 882 1495 cadit
895 1428 933 1491 in
947 1422 988 1493 ea
1001 1448 1085 1513 quae
1099 1427 1280 1515 Dionysius
1292 1428 1328 1494 H
1341 1429 1384 1493 26
1400 1430 1441 1494 de
1456 1432 1560 1517 patris

413 1534 448 1598 in
462 1532 566 1599 filium
580 1534 670 1613 vitae
687 1533 841 1619 necisque
862 1537 1026 1617 potestate
1046 1552 1067 1595 a
1086 1528 1226 1597 Romulo
1247 1532 1376 1597 sancita
1396 1532 1501 1599 refert
1520 1572 1561 1581 -—

399 1636 457 1701 ci.
475 1634 592 1702 Oollat.
607 1634 670 1721 leg.
687 1635 736 1701 IV
751 1636 771 1701 8
786 1637 872 1697 ‘Cum
884 1640 973 1715 putri
990 1640 1053 1697 lece
1072 1640 1181 1712 reaia
1197 1638 1314 1702 dederit
1327 1641 1468 1712 insilirem
1484 1642 1561 1701 uitae

406 1744 551 1817 'necisque
560 1744 746 1820 potestatem’
758 1776 801 1786 -
812 1759 895 1824 quae
910 1758 975 1823 ,quo
990 1736 1061 1801 iure
1076 1736 1112 1800 in
1126 1734 1232 1821 legem
1246 1736 1387 1807 editores
1401 1739 1445 1805 ad
1460 1761 1561 1823 uuum

309 1846 312 1853 '
414 1864 525 1929 ornnes
541 1842 784 1923 transtulerint,
803 1840 955 1927 equidem
970 1838 1102 1924 assequi
1116 1840 1293 1925 cogitando
1308 1862 1443 1927 nequeo.
1474 1840 1561 1906 Nam

391 1972 399 1979 ³
414 1945 502 2033 quod
511 1946 588 2011 cil
601 1954 652 2010 est
667 1948 786 2011 τοῦτον
796 1944 854 2011 ιόν
872 1941 975 2021 νόμον
987 1941 1024 2008 ἑν
1035 1940 1146 2021 ἀρχαῖς
1158 1945 1216 2022 μέν
1229 1944 1260 2009 οἱ
1272 1946 1406 2024 βαιιλεῐ(
1422 1944 1561 2026 ἐφύλατ-

367 2052 368 2055 ’
413 2070 473 2115 τον
484 2048 547 2115 εἴτε
557 2047 778 2129 γεγραμμένον
787 2044 855 2131 ,εἴτε
866 2043 1018 2126 ἄγραφον
1024 2094 1087 2109 .....
1098 2046 1561 2128 καταλυθείιηε-δέτῆιμοναρ-

413 2151 483 2231 χίας
494 2202 501 2216 .
513 2202 539 2217 ..
555 2151 588 2216 οἱ
604 2149 759 2233 λαβόντε(
770 2148 858 2229 παρὰ
872 2151 935 2215 λτοῦ
946 2147 1048 2227 δήμου
1062 2150 1123 2229 τὴν
1137 2148 1283 2218 ἐξουείαν
1298 2148 1354 2229 τ’ῆι
1370 2154 1566 2239 ιυναγωγῆι

413 2429 451 2477 ait
463 2430 584 2479 “prorem
600 2428 713 2492 ritusque
734 2440 866 2477 samonem
884 2423 1108 2489 Adiciam''u'pso
1128 2426 1200 2475 tituto
1216 2426 1283 2489 icpia
1299 2426 1426 2490 Papiriae
1445 2442 1506 2477 usus
1523 2433 1560 2477 esi

414 2528 487 2577 quam
507 2511 607 2562 sciebat
632 2513 668 2561 de
695 2512 759 2560 ritu
784 2524 947 2559 sacrorum
965 2509 1148 2573 publicatam':
1170 2509 1219 2559 ubi
1240 2510 1293 2561 ius
1312 2510 1494 2575 Papirianum
1512 2526 1560 2578 pa·

413 2612 472 2646 rum
491 2600 624 2665 accurata
641 2596 755 2646 notione
773 2608 944 2659 expressum,
963 2609 1018 2643 non
1035 2593 1175 2658 proiecto,
1200 2594 1273 2657 quod
1290 2595 1435 2647 Vaasseno
1452 2596 1561 2662 placuit

412 2683 502 2733 Anim.
521 2681 557 2731 ad
575 2681 639 2733 fast.
657 2698 683 2747 p.
704 2682 764 2743 152,
789 2679 879 2745 legem
902 2678 1063 2744 specialem«
1079 2695 1096 2728 a
1113 2679 1227 2744 Papirio
1249 2684 1377 2731 sanctam
1401 2696 1435 2731 ac
1458 2682 1559 2734 deinde

413 2769 466 2822 iuri
488 2767 638 2833 Papiriano
661 2767 793 2821 insertam
817 2764 908 2829 quivis
931 2764 1017 2814 facile
1044 2768 1189 2831 agnoscat.
1223 2766 1303 2817 Talis
1324 2766 1411 2831 igitur
1429 2766 1559 2819 collectio

413 2845 513 2905 rituum
532 2867 673 2905 sacrorum
693 2868 725 2903 ex
745 2850 823 2902 libris
841 2849 992 2916 pontificiis
1010 2855 1156 2916 excerpta,
1180 2866 1232 2916 quo
1256 2855 1405 2918 augeretur
1427 2852 1559 2919 dignitas,

413 2940 517 2991 illustri
534 2941 644 2992 nomine
664 2941 764 2989 ornata
783 2940 825 2987 est
843 2934 952 3001 Papirii
970 2936 1052 3002 primi
1074 2936 1149 3001 regis
1171 2951 1313 2987 sacrorum
1336 2938 1374 2990 ci.
1391 2938 1475 2989 Dion.
1494 2938 1560 2990 Hal.

412 3026 437 3077 V
456 3030 469 3075 l
488 3028 604 3089 πρῶτος
626 3022 712 3088 ἱερῶν
731 3019 856 3084 incitate
876 3018 1008 3073 Μάνιος
1026 3014 1214 3087 Παπίριος,
1239 3022 1286 3087 qui
1304 3022 1377 3073 idem
1399 3028 1443 3073 est
1465 3010 1516 3075 111'
1527 3024 1559 3075 56

400 3110 518 3161 ¹(laius
536 3110 666 3176 Papirius
677 3109 784 3160 Numae
803 3106 895 3171 legum
913 3106 947 3156 de
966 3108 1054 3157 sacris
1072 3110 1136 3173 post
1152 3122 1233 3173 reges
1246 3111 1360 3158 exactos
1374 3108 1475 3170 editor,
1493 3126 1559 3175 pon7

362 3220 363 3224 =
412 3196 482 3247 tifex
501 3195 624 3261 quidem,
649 3193 698 3244 sed
721 3198 816 3243 tamen
834 3188 974 3242 ἁπάντων
996 3194 1056 3242 τῶν
1079 3189 1165 3257 ἱερῶν
1187 3188 1342 3256 ἡγεμονίαν
1364 3190 1440 3256 ἔχων
1465 3194 1514 3259 (cf.
1532 3194 1560 3244 ΙΙ

413 3281 466 3347 14),
485 3297 536 3331 nec
555 3281 590 3331 ab
613 3279 665 3329 hoc
688 3276 793 3329 diversi
812 3276 935 3329 Sextus
958 3280 986 3328 et
1008 3277 1151 3328 Publius
1169 3278 1277 3344 Papirii
1302 3278 1395 3343 legum
1417 3280 1560 3345 regiarum

411 3366 440 3415 in
458 3366 517 3417 iure
537 3364 640 3417 civili
657 3364 808 3429 Papiriano
828 3362 1025 3428 compilatores
1044 3377 1113 3426 qnos
1131 3364 1207 3415 novit
1225 3364 1393 3429 Pomponius
1406 3364 1473 3430 Dig.
1489 3367 1513 3429 1,
1533 3368 1558 3429 2,

411 3454 427 3502 2
446 3452 461 3513 ἕ
479 3454 495 3501 2
514 3454 542 3501 et
559 3451 573 3511 §
592 3452 633 3513 36,
653 3454 681 3500 et
700 3448 778 3517 illurn
802 3448 912 3513 quidem
930 3447 1048 3513 Superbi
1065 3449 1211 3500 Demarati
1230 3448 1368 3501 Corinthii
1389 3447 1442 3499 filii
1459 3449 1491 3514 (l)
1510 3466 1557 3501 ae-

412 3536 532 3601 qualem.
568 3536 600 3585 In
618 3550 679 3585 eam
693 3541 786 3585 autem
805 3532 998 3585 collectionem
1015 3532 1093 3599 leges
1116 3549 1224 3599 qnoque
1243 3549 1313 3599 quae
1332 3530 1498 3586 ferebantur
1514 3552 1560 3587 re·

412 3624 474 3687 gius
497 3637 567 3688 quae
586 3613 696 3685 quidem
714 3622 797 3671 ritum
815 3634 957 3670 sacrorum
975 3618 1036 3669 iere
1054 3635 1148 3671 ornnes
1166 3624 1335 3687 spectarent,
1353 3624 1483 3685 receptas
1497 3636 1559 3672 esse

411 3722 467 3757 non
485 3712 542 3757 tam
560 3706 644 3757 dubia
663 3710 692 3755 et
709 3706 814 3755 discors
831 3705 961 3769 Dionysii
984 3709 1013 3755 et
1028 3706 1173 3771 Pomponii
1196 3707 1348 3757 auctoritas
1372 3723 1454 3772 quam
1473 3708 1560 3759 Grani
1585 3758 1589 3762 .

411 3792 510 3843 Flacci
534 3808 568 3842 ex
590 3791 661 3843 libro
684 3790 718 3841 de
741 3792 800 3849 iure
823 3791 975 3855 Papiriano
1002 3791 1187 3857 fragmentum
1210 3790 1359 3857 persuadet
1380 3794 1410 3842 in
1431 3793 1497 3859 Dig.
1515 3796 1558 3857 50,-

307 3940 310 3945 ¹
413 3880 453 3938 16,
473 3880 522 3929 144
540 3877 709 3944 (neglectum
729 3876 764 3926 ab
785 3876 824 3927 eis
844 3877 891 3941 qui
910 3876 994 3926 Grani
1010 3877 1137 3941 reliquiis
1160 3876 1324 3943 colligendis
1342 3894 1455 3943 operam
1473 3880 1560 3931 dede·
1590 3880 1593 3885 ’

411 3970 474 4015 runt
492 3964 631 4025 Dirkseuo
655 3966 683 4013 et
700 3961 857 4027 Huschkio)
882 3964 1011 4026 ‘pellicem
1032 3979 1098 4012 nunc
1119 3968 1191 4027 culpo
1212 3969 1302 4014 coemi
1319 4000 1326 4015 .
1346 4001 1354 4015 .
1373 4000 1407 4014 ..
1431 3968 1558 4031 quondam

411 4066 465 4100 eum
483 4066 547 4116 quae
564 4051 655 4101 umoris
673 4052 728 4099 ioco
745 4050 800 4098 siue
818 4052 913 4113 nuptiis
931 4052 957 4098 in
973 4051 1048 4099 domo
1064 4051 1113 4098 ait'
1136 4050 1197 4098 aine
1220 4049 1305 4104 dubio
1326 4050 1503 4101 referendum
1522 4051 1558 4101 ad

410 4136 517 4186 Numae
535 4134 626 4199 legem
643 4138 742 4199 ‘pellex
759 4150 831 4185 urum
848 4133 956 4185 Iunonia
973 4150 1005 4184 ne
1023 4136 1135 4197 taupiio’
1154 4142 1198 4199 ap.
1211 4134 1291 4186 Paul.
1310 4152 1344 4185 ex
1361 4136 1439 4190 Pest.
1456 4152 1483 4201 p.
1497 4138 1557 4189 222.

411 4220 482 4271 Sell.
501 4221 540 4272 1v
558 4224 581 4272 3.
627 4273 629 4279 .

440 4344 442 4349 .
478 4304 499 4369 ¹)
519 4304 555 4355 ci.
574 4305 655 4357 Dion.
673 4306 738 4359 Hal.
756 4308 781 4357 X
799 4308 832 4357 57
850 4304 932 4378 οὗτοι
954 4304 982 4357 οἱ
1001 4304 1071 4356 δέκα
1092 4304 1192 4371 ἄνδρε(
1214 4306 1427 4372 (υγγράψαντει
1450 4306 1556 4372 νόμους

410 4388 441 4440 ἔκ
463 4404 495 4441 τε
517 4392 579 4441 τῶν
597 4388 753 4455 έλληνικῶν
776 4388 875 4455 νόμων
899 4390 944 4443 καὶ
971 4393 1033 4442 τῶν
1055 4390 1131 4455 παρὰ
1154 4389 1245 4455 <pico
1271 4391 1412 4457 ἀγράφων
1435 4392 1557 4458 έθιιμῶν

392 4473 576 4539 ,προῦθηκαν
594 4474 841 4527 retracturus
860 4478 897 4531 cf.
916 4478 957 4527 55.
981 4476 1119 4542 Ulpianus
1136 4479 1200 4543 Dig.
1219 4480 1261 4543 27,
1281 4482 1321 4541 10,
1342 4482 1414 4545 1-pr.
1438 4481 1556 4547 Pompo·

410 4562 471 4609 nius
490 4561 552 4625 Dig.
573 4562 602 4625 1,
621 4562 649 4627 2,
669 4564 697 4625 2,
717 4565 802 4616 24-
820 4562 872 4611 etsi
894 4562 921 4612 is
939 4562 1011 4625 quod
1029 4562 1064 4612 de
1081 4563 1210 4614 vindiciis
1234 4581 1273 4615 ex
1290 4570 1408 4617 vetare
1432 4567 1507 4617 iure
1526 4568 1556 4617 in

409 4645 462 4695 XII
480 4646 624 4697 translatis
642 4658 751 4711 narrat,
769 4663 847 4699 suam
865 4647 899 4697 da
917 4647 1045 4697 Vindicio
1067 4664 1147 4699 servo
1170 4650 1304 4702 fabellam
1326 4653 1444 4717 respicit.
1459 4675 1495 4688 -
1513 4656 1558 4702 at·-

410 4745 461 4794 que
480 4731 514 4781 de
533 4733 653 4784 sacratis
671 4732 782 4797 legibus
802 4732 898 4784 Cicero
916 4748 966 4799 pro
984 4733 1077 4784 Sestio
1094 4738 1136 4797 30,
1155 4736 1198 4788 64.
1220 4736 1255 4786 de
1273 4737 1344 4787 dom.
1363 4740 1404 4801 17,
1422 4739 1465 4788 43.
1552 4752 1556 4761 ·
