3709 5634
435 684 482 729 ns
504 683 555 730 xu
579 682 792 731 saevusnvu
814 684 992 745 nunrovus
1014 684 1301 737 cousnmvmuus.
1395 672 1436 737 73

380 836 489 923 Atque
505 838 566 903 hoo
581 838 623 903 ab
644 838 737 903 initio
758 838 956 904 monendum
976 847 1027 903 est
1042 836 1112 905 non'
1128 839 1164 905 id
1183 863 1244 906 nos
1265 863 1378 925 agere,
1401 851 1437 907 ut

295 946 458 1003 vetustam
484 938 566 1025 legis
593 940 731 1007 formam
755 938 861 1025 qualis
886 939 987 1005 fuerit
1015 964 1035 1005 a
1056 942 1250 1008 decemviris
1276 943 1435 1029 profecta,

294 1041 390 1107 vanis
411 1042 607 1107 coniecturis
629 1052 819 1115 revocemus
841 1082 881 1091 -
902 1065 1007 1129 neque
1025 1046 1117 1109 'enim
1138 1044 1276 1109 aliorum
1301 1056 1437 1131 peccata

295 1152 442 1230 repetere
456 1144 511 1209 vel
527 1166 645 1230 augere
660 1148 753 1213 iuvat
771 1184 804 1193 -
824 1168 883 1210 nec
897 1156 935 1211 ut
950 1147 1060 1211 omnia
1073 1148 1159 1211 inter
1170 1170 1206 1211 se
1216 1169 1435 1234 exaequemus

295 1246 416 1311 similia
431 1246 582 1313 similiter
596 1247 785 1331 formand03
808 1249 865 1313 sed
880 1258 917 1313 ut
937 1248 1019 1334 legis
1036 1250 1137 1315 verba
1152 1248 1261 1336 qualia
1275 1271 1436 1334 gramma·

295 1348 352 1414 tici
367 1347 416 1412 illi
432 1359 465 1415 et
479 1350 674 1437 interpretes
691 1350 833 1437 antiqui,
855 1350 973 1437 quibus
989 1350 1150 1417 debemus
1167 1353 1370 1437 fragmenta,
1391 1352 1435 1417 le·

294 1452 417 1537 gerint,
445 1453 682 1519 constituamus
707 1452 796 1518 haud
822 1475 914 1517 secus
941 1462 1038 1540 atque
1062 1453 1239 1519 Homerica
1265 1447 1377 1519 studia
1400 1452 1437 1518 id

294 1576 379 1619 nunc
399 1554 541 1619 maxime
562 1563 745 1637 sectantur,
767 1564 804 1620 ut
824 1564 918 1623 vetus
940 1555 1036 1644 quale
1050 1554 1286 1621 Alexandrinis
1307 1576 1435 1643 compa·

294 1657 396 1721 ruerit
411 1658 590 1722 carminum
606 1658 771 1745 exemplar
785 1658 958 1744 refingant.
990 1659 1064 1741 Qua
1083 1659 1117 1721 in
1132 1677 1167 1725 re
1189 1659 1215 1722 si
1231 1656 1346 1744 quida
1360 1680 1435 1725 con·

295 1759 394 1825 stanti
409 1782 472 1823 usu
487 1782 529 1824 ex
543 1760 802 1845 fragmentorum
817 1771 994 1849 conspectu
1015 1762 1190 1828 observato
1211 1760 1435 1827 defensionem

294 1884 359 1927 non
373 1861 524 1943 habebit,
547 1862 582 1927 id
602 1872 729 1929 mutare
749 1863 802 1930 vel
823 1874 937 1929 contra
958 1864 1099 1930 fontimn
1120 1863 1349 1929 auctoritatem
1369 1884 1435 1927 non

259 2013 264 2019 -
295 1963 534 2048 dubitabimus,
557 1987 597 2029 ne
618 1967 788 2053 scriptoris
811 1968 881 2032 sive
903 1966 1007 2031 errori
1027 1968 1098 2032 sive
1118 1965 1341 2051 neglegentiae
1360 1963 1434 2052 plus

294 2066 475 2133 tribuamus
490 2089 588 2153 quam
602 2070 651 2133 rei
666 2070 799 2135 veritati
814 2091 853 2133 ac
869 2069 1081 2155 simplicitati.
1117 2069 1164 2133 At
1178 2068 1265 2132 enim
1280 2069 1433 2135 continuo

295 2169 544 2235 discernendum
568 2180 631 2251 est,
652 2170 732 2257 quid
759 2170 824 2257 legi
845 2172 1020 2254 debeatur,
1044 2170 1123 2257 quid
1150 2170 1318 2257 scriptori:
1347 2170 1435 2258 quod

295 2294 368 2337 cum
394 2273 428 2337 in
453 2271 650 2359 quibusdam
676 2284 765 2339 certo
785 2274 920 2339 definire
941 2296 1017 2342 sane
1037 2272 1255 2359 periculosum
1279 2281 1345 2355 est,
1366 2282 1435 2337 tum

294 2374 451 2441 confundi
465 2376 550 2441 iusto
565 2378 695 2463 saepius
711 2376 818 2443 video.
835 2376 922 2443 Nam
936 2376 1009 2464 quis
1024 2398 1068 2440 ex
1081 2374 1152 2439 XII
1166 2373 1355 2441 tabularum
1369 2396 1436 2440 non

294 2487 362 2543 tam
381 2477 493 2544 verbis
515 2499 613 2563 quam
634 2480 798 2543 sententia
819 2500 839 2543 a
857 2478 960 2544 Paulo
981 2477 1105 2543 tradita
1127 2475 1268 2563 (Coll'l.
1284 2476 1320 2542 II
1340 2476 1378 2559 5,
1399 2474 1434 2561 b)

295 2586 359 2660 ‘qui
377 2587 521 2645 iniurium
546 2587 637 2647 alteri
651 2586 746 2661 facit,
768 2588 897 2661 quinque
916 2593 946 2646 et
967 2587 1073 2661 viginti
1090 2587 1290 2645 sestertiorum
1304 2599 1435 2659 poenam

293 2686 379 2747 sabit’
394 2682 475 2748 haec
490 2681 615 2748 efficiat
628 2706 701 2749 eum
708 2684 880 2750 Huschkio
896 2690 963 2763 ‘qui
974 2690 1117 2748 iniurium
1129 2687 1225 2763 faxit,
1240 2688 1332 2746 alteri
1343 2688 1435 2761 quin-

294 2806 349 2863 que
363 2796 392 2849 et
406 2792 619 2865 viqintipoena
634 2793 745 2868 santo',
767 2808 832 2851 non
853 2785 908 2850 ille
929 2787 1111 2867 neritinus,
1133 2806 1174 2849 ne
1195 2783 1263 2849 vim
1282 2781 1434 2849 intulisse

295 2887 395 2953 Paulo
411 2888 638 2954 insimuletur?
667 2890 777 2975 Atque
790 2887 951 2953 eiusmodi
967 2886 1062 2973 plura
1077 2886 1193 2951 afferre
1207 2886 1341 2973 possim.

377 2992 465 3073 Iam,
481 3000 519 3055 ut
534 2990 577 3055 ad
598 3013 667 3055 rem
681 2994 787 3078 ipsam
807 3012 859 3055 me
880 3000 1087 3072 convertam,
1111 2988 1202 3054 rudis
1223 2988 1331 3054 adhuc
1352 2987 1433 3072 legis

294 3093 474 3181 antiquitas
495 3094 530 3157 in
554 3093 748 3179 fragmentis
771 3102 903 3159 servata
928 3095 963 3157 in
983 3092 1098 3179 primis
1115 3091 1203 3156 inde
1228 3090 1434 3172 aestimatur,

294 3195 380 3283 quod
400 3206 512 3261 certa
532 3218 730 3282 personae
751 3194 1032 3281 significatio,
1053 3193 1182 3259 etiamsi
1202 3193 1350 3261 subiecto
1365 3215 1434 3256 mu-

294 3308 361 3365 tato
378 3299 548 3366 obscurior
569 3298 691 3364 evadat
707 3298 883 3381 sententia,
906 3306 1145 3363 constanter
1166 3296 1299 3363 omitti
1320 3293 1432 3359 solet.

294 3401 387 3483 Quae
412 3422 462 3466 res
489 3409 526 3464 ut
555 3422 598 3465 ex
623 3400 764 3487 simplici
790 3400 918 3466 illorum
946 3410 1129 3487 temporum
1154 3410 1187 3466 et
1212 3396 1377 3465 sentiendi
1403 3405 1436 3461 et

294 3503 445 3591 loquendi
461 3504 587 3569 ratione
602 3502 750 3589 profecta
765 3512 831 3586 est,
854 3504 902 3567 ita
921 3502 1096 3568 coniuncta
1116 3502 1181 3567 fuit
1200 3524 1274 3567 cum
1295 3499 1435 3565 admira·

293 3605 351 3689 bili
376 3604 432 3671 illo
459 3627 600 3671 acuere
627 3605 774 3671 Romano
800 3605 975 3671 brevitatis
1003 3604 1129 3686 studio,
1161 3626 1224 3690 quo
1257 3600 1435 3669 decemviri

293 3707 429 3773 abiectis
456 3707 622 3789 omnibus,
648 3728 731 3793 quae
752 3707 827 3771 usui
846 3729 911 3772 non
937 3728 1008 3771 esse
1034 3706 1238 3787 viderentur,
1261 3704 1297 3769 id
1321 3727 1434 3786 unum,

293 3808 381 3897 quod
395 3832 465 3875 rem
480 3830 693 3895 caussamque
713 3811 855 3874 maxime
876 3809 1073 3890 contineret,
1096 3815 1339 3894 expressertmt.
1367 3805 1433 3869 Res

294 3922 343 3977 cst
364 3920 568 3999 notansque
591 3910 705 3997 digna,
728 3934 811 3998 quae
832 3909 991 3996 exemplis
1013 3907 1204 3994 singillatim
1225 3907 1433 3994 explanetur:

293 4036 377 4100 quae
391 4013 524 4101 quidem
539 4023 572 4079 et
585 4012 652 4079 late
667 4022 779 4100 pateat
793 4035 852 4100 per
862 4012 944 4077 haec
958 4011 1145 4096 fragmenta
1155 4020 1188 4075 et
1199 4008 1272 4074 aliis
1284 4017 1434 4075 veterum

293 4115 401 4202 legum
420 4115 617 4182 testimoniis
629 4116 655 4203 1)
678 4116 856 4203 conspicua
875 4136 914 4180 ac
935 4136 976 4178 ne
997 4135 1016 4176 a
1037 4112 1172 4178 Catonis
1194 4110 1328 4199 quidem
1355 4110 1434 4173 scri·
1483 4193 1487 4200 1

293 4218 392 4284 bandi
406 4240 524 4300 genere
540 4217 648 4284 aliena
663 4218 746 4301 sit.²)
765 4218 820 4283 Ab
832 4216 894 4284 hoc
906 4225 1017 4281 autem
1032 4238 1093 4279 usu
1109 4237 1193 4301 quae
1208 4212 1375 4295 recedunt,
1386 4211 1433 4277 eis

361 4492 383 4560 ¹)
403 4494 439 4547 cf.
458 4496 503 4545 lex
520 4494 553 4545 da
571 4472 761 4559 perduellione
780 4492 876 4543 Livius
894 4492 967 4556 126,
986 4494 1010 4542 6.
1034 4492 1125 4557 Leges
1143 4491 1238 4555 regiae
1256 4504 1300 4553 ap.
1313 4488 1434 4537 Plinium

294 4578 355 4629 XIV
375 4582 416 4641 12,
435 4581 477 4630 88.
495 4580 610 4629 Festum
628 4596 655 4643 p.
675 4580 723 4630 178
740 4594 765 4631 v.
785 4578 928 4628 occisum·
1228 4572 1231 4579 ’

360 4664 383 4729 ²)
407 4665 443 4715 cf.
467 4664 500 4726 de
519 4680 540 4715 r.
564 4680 585 4715 r.
608 4665 632 4714 5.
659 4664 770 4714 ‘Vilicus
792 4664 817 4713 si
838 4666 905 4713 nolet
928 4665 992 4712 attale
1012 4663 1111 4727 facere,
1134 4676 1184 4712 non
1204 4661 1299 4725 sactet’
1324 4658 1373 4723 (se.
1391 4658 1434 4708 fa·

294 4747 382 4815 milia)
401 4748 437 4800 el.
1331 4757 1333 4763 ·
