3709 5634
779 636 917 687 rsuvus
940 639 1000 687 vu
1397 626 1457 691 137

315 797 347 854 et
369 790 558 870 semissem,
581 789 675 876 quasi
698 792 795 855 semis
818 792 892 857 tert'
869 800 964 859 t.1us
1019 791 1195 858 ..Iexet
1163 794 1262 858 etiam
1285 794 1458 861 duodecim

314 892 503 957 tabularum
518 902 790 978 argumente,
727 903 777 958 est
814 896 849 959 in
863 917 928 982 qua
944 841 1007 960 duo
1019 843 1125 982 'pedes
1141 903 1173 960 et
1187 896 1285 961 semis
1307 907 1456 963 sester-

313 994 397 1061 tius
421 1018 489 1085 pes
512 1002 675 1061 uocatur.’

868 1100 899 1163 2.

399 1200 505 1266 Gaius
527 1201 549 1266 1.
573 1199 622 1266 IV
644 1201 687 1265 ad
714 1201 819 1286 Iegem
841 1200 913 1265 XII
934 1201 1130 1266 tabularum.
1174 1202 1253 1287 Dig.
1278 1203 1332 1285 10,
1357 1206 1392 1285 1,
1417 1204 1457 1269 13

313 1302 373 1389 (id.
397 1304 433 1387 in
455 1305 552 1368 Auct.
576 1302 632 1367 fin.
655 1300 791 1389 regund.
814 1326 847 1390 p.
862 1302 925 1368 278
948 1302 1109 1389 Lachm.).
1137 1304 1327 1369 ‘Sciendum
1350 1314 1401 1370 est
1421 1306 1457 1370 in

312 1404 442 1482 actione
468 1404 581 1469 finium
603 1406 822 1491 regundorum
842 1404 924 1471 illud
945 1406 1189 1473 obseruandum
1212 1429 1284 1472 esse
1305 1408 1392 1495 quod
1414 1409 1458 1474 ad

312 1508 499 1593 exemplum
521 1507 761 1593 quodammodo
786 1509 855 1573 eius
877 1506 960 1593 legis
984 1508 1141 1594 scriptum
1164 1519 1215 1575 est
1236 1531 1336 1596 quam
1355 1510 1455 1575 Athe

310 1608 362 1673 nis
386 1608 539 1675 Solonem
562 1610 683 1675 dicitur
704 1608 834 1675 tulisse:
863 1632 940 1674 nam
962 1610 1031 1675 illic
1052 1611 1099 1676 ita
1120 1619 1184 1675 est:
1209 1611 1267 1678 ἐάν
1294 1632 1340 1677 τι(
1367 1612 1457 1693 αἱμα-

312 1712 380 1778 ειάν
403 1713 486 1791 παρ’
501 1712 661 1798 ἀλλοτρίῳ
684 1713 793 1797 χωρίῳ
816 1712 918 1798 ὀρόγῃ
942 1712 977 1795 (l.
994 1713 1136 1800 ὀρύττῃ),
1159 1714 1218 1780 τόν
1235 1714 1316 1794 ὅρον
1331 1716 1373 1794 μὴ
1396 1736 1456 1780 πα-

312 1814 490 1894 ραβαίνειν·
518 1815 576 1880 έάν
604 1816 667 1898 (δὲ)
694 1816 829 1895 τειχίον,
852 1816 939 1880 πόδα
966 1815 1168 1883 ἀπολείπειν·
1191 1816 1249 1882 ἐάν
1271 1818 1314 1902 δὲΙ
1329 1816 1455 1897 οἴκημα,

310 1916 369 1982 δύο
405 1918 524 1982 πόδαε·
551 1916 610 1983 ἐὰν
638 1918 673 1982 δέ
700 1918 829 1997 τάφρον
859 1918 979 1999 (τάφον
1002 1921 1101 2001 Flor.)
1129 1920 1148 1998 ἢ
1179 1919 1297 1999 βόθρον
1326 1918 1456 2005 όρύττῃ,

311 2018 388 2085 όεον
411 2019 450 2084 τὸ
474 2019 572 2099 βάθος
594 2020 613 2098 ἢ
634 2023 791 2085 τοεοῦτον
807 2020 1009 2085 ἀπολείπειν·
1031 2020 1087 2085 ἐὰν
1110 2022 1146 2085 δὲ
1169 2022 1286 2102 φρέαρ,
1306 2021 1455 2100 ὀργυιάν·

309 2121 421 2188 έλαίαν
444 2122 481 2186 δὲ
503 2123 553 2185 καί
575 2124 670 2201 ενκῆν
693 2122 789 2187 ἐννέα
811 2121 915 2187 πόδαε
938 2122 1004 2187 άπὸ
1027 2126 1085 2188 τοῦ
1101 2122 1273 2204 ἀλλοτρίου
1289 2124 1455 2205 φυτεύειν·

309 2224 349 2289 τά
371 2225 408 2289 δὲ
430 2223 513 2288 ἄλλα
535 2224 655 2303 δένδρα
676 2224 774 2290 πέντε
796 2224 924 2289 πόδατ.’

865 2326 896 2392 3.

395 2430 424 2493 1.
449 2426 576 2492 Plinius
599 2428 643 2492 H.
665 2426 707 2492 N.
730 2427 819 2492 XIX
842 2428 896 2510 19,
918 2428 969 2494 50.
995 2428 1049 2493 ‘In
1072 2429 1245 2495 duodecim
1267 2432 1388 2498 tabuiis
1411 2433 1454 2499 le-

307 2552 384 2614 gum
405 2540 596 2595 nostrarum
618 2551 778 2617 nusquam
800 2532 989 2596 nominatur
1010 2531 1105 2596 uilla:
1126 2555 1265 2620 ‘semper
1291 2534 1327 2599 in
1354 2535 1453 2621 signi-

307 2632 464 2698 ficatione
486 2654 525 2696 ea
547 2632 703 2713 hortus,
726 2634 760 2695 in
782 2633 868 2699 horti
844 2641 968 2698 tuero
990 2633 1224 2718 heredium?

390 2734 422 2798 2.
449 2734 622 2821 Festusp.
645 2733 708 2799 355
730 2734 775 2799 M.
799 2737 982 2813 ‘ruperia
1008 2757 1029 2799 a
1051 2744 1138 2802 tecto
1167 2736 1374 2823 appellantur
1395 2745 1454 2805 do-

309 2843 421 2903 micilia
436 2842 616 2903 rusticorum
636 2835 770 2902 sordida
793 2883 962 2903 ......
986 2859 1049 2924 quo
1071 2838 1204 2903 nomine
1227 2886 1399 2907 ......
1422 2850 1454 2907 ic

308 2939 535 3021 explanatione
557 2936 629 3003 XII
651 2938 697 3003 ait
718 2939 817 3003 etiam
841 2986 1109 3006 .........
1131 2942 1323 3018 siqnificari?

393 3143 508 3209 Cicero
532 3142 572 3207 de
593 3141 658 3227 leg.
673 3142 691 3208 I
706 3141 765 3224 21,
788 3142 839 3209 55.
868 3141 935 3207 ‘Ex
956 3143 1019 3209 hac
1041 3153 1152 3209 autem
1173 3166 1240 3209 non
1262 3168 1372 3211 rerum
1395 3149 1454 3214 sed

309 3246 487 3313 uerborum
509 3244 676 3310 discordia
698 3245 922 3310 controuersia
943 3255 994 3311 est
1014 3256 1095 3311 nata
1116 3246 1157 3311 de
1178 3246 1315 3313 finibus:
1339 3249 1373 3313 in
1388 3273 1454 3336 qua

309 3349 462 3433 quoniam
499 3369 595 3412 usus
639 3346 844 3431 cepionem
887 3346 1099 3412 duodecim
1139 3348 1303 3415 tabulae
1344 3352 1454 3417 intra

309 3450 492 3537 quinque·
508 3448 629 3535 pedes
652 3470 741 3512 esse
762 3447 979 3513 noluerunt
992 3450 1180 3537 (noluerint
1194 3454 1275 3527 libri,
1298 3473 1378 3517 corr.
1395 3459 1453 3517 Al-

308 3555 416 3640 ciatus)
441 3551 577 3638 depasci
599 3558 743 3616 ueterem
764 3550 1005 3636 possessionem
1020 3552 1206 3617 academiae
1221 3553 1264 3619 ab
1278 3553 1342 3620 hoc
1356 3565 1452 3621 acuto

309 3654 439 3720 homine
467 3676 532 3718 non
554 3654 714 3735 sinemus,
738 3672 798 3717 nec
819 3650 970 3717 Mamilia
991 3654 1064 3739 lege
1091 3654 1230 3740 singuli,
1259 3657 1318 3721 sed
1341 3679 1359 3722 e
1381 3655 1453 3721 XII

309 3765 375 3821 tres
397 3754 515 3821 arbitri
534 3754 610 3819 finis
624 3760 799 3839 regemus!
836 3754 879 3819 cf.
904 3758 1044 3819 Ouiacius
1060 3757 1139 3820 Obss.
1163 3762 1250 3821 V21.
1272 3762 1453 3837 Eudorsfius

308 3864 339 3921 iu
354 3863 465 3922 Ausul.
480 3863 582 3921 scient.
599 3862 658 3921 tur.
674 3860 776 3920 histor.
791 3860 829 3920 X
838 3877 871 3936 ρ.
888 3867 961 3920 345.

308 4013 400 4065 dinem
422 4013 495 4065 idem
518 4013 588 4079 quod
607 4010 783 4065 aedificium?
820 4028 846 4077 p.
866 3991 903 4064 16‘
916 4012 954 4067 M.
973 4012 1110 4065 ‘Ambitus
1131 4015 1240 4080 proprie
1258 4015 1361 4065 dieitur
1378 4018 1452 4067 inter

307 4098 459 4149 uicinorum
478 4096 606 4155 aedificia
624 4097 702 4149 locus
725 4097 838 4149 duorum
861 4097 960 4163 pedum
985 4103 1013 4149 et
1035 4100 1183 4167 semipedis
1205 4100 1241 4151 sd
1263 4102 1451 4153 circumeundi

308 4182 472 4234 fucultatem
490 4182 611 4235 relictus.
632 4180 681 4246 (id.
700 4182 798 4235 Isidor.
817 4182 864 4237 Or.
881 4183 933 4234 XV
951 4185 991 4246 16,
1012 4182 1081 4249 12.)’

374 4271 400 4329 3,
420 4270 443 4317 1.
462 4266 567 4317 Paulus
584 4268 652 4318 Ero.
672 4283 706 4318 ex
723 4269 807 4319 Festo
825 4285 852 4333 p.
867 4270 915 4319 102
933 4268 971 4323 M.
991 4270 1107 4321 ‘Hortus
1126 4270 1199 4336 apud
1217 4270 1344 4335 antIquos
1362 4274 1450 4323 omnis
1540 4285 1543 4289 ⁴

309 4352 378 4402 uilla
397 4352 552 4417 dicebatur,
571 4351 644 4416 quod
660 4352 701 4404 ibi
720 4354 767 4417 qui
785 4368 862 4403 arma
880 4370 980 4419 capere
998 4355 1107 4419 possint
1124 4356 1280 4405 orirentur)
1316 4356 1352 4405 ci.
1372 4372 1398 4421 p.
1417 4359 1450 4407 99

308 4436 467 4487 ‘Heredium
486 4437 629 4503 praedium
647 4438 813 4503 paruulum?
869 4442 893 4489 2.
911 4439 1079 4505 Pomponius
1096 4439 1115 4489 l.
1134 4440 1237 4490 XXXV
1256 4440 1291 4490 ad
1309 4440 1450 4495 Sabinum.

307 4520 705 4589 Dig.50,16,180‘Tugurii
728 4523 917 4589 appellatione
940 4540 1020 4575 omne
1043 4524 1213 4588 aedificium,
1234 4525 1306 4590 quod
1328 4526 1450 4576 rusticae

308 4605 395 4670 magis
414 4607 554 4659 custodiae
574 4607 703 4659 conuenit
722 4624 803 4673 quam
821 4609 934 4659 urbanIs
952 4609 1067 4660 sedibus
1085 4609 1278 4675 significatur)
1303 4610 1450 4661 ct.1sidor.

310 4687 356 4739 Or.
374 4690 424 4741 XV
443 4694 482 4757 12,
503 4694 527 4743 2.
