3709 5634
410 646 431 710 6
844 657 957 705 osrvr
979 654 1124 703 Parnvu.

411 818 562 896 mutatio,
576 837 642 902 qua
653 812 786 899 quidem
799 811 999 897 insequentis
1015 808 1133 873 aetatis
1149 808 1304 896 loquendi
1319 817 1352 874 et
1367 809 1560 874 enuntiandi

412 942 491 984 usus
508 915 650 982 stabiliri
671 923 805 1000 coeptus
827 921 893 994 est,
917 933 956 976 ea
971 911 1168 977 vetustiores
1188 908 1270 996 legis
1291 911 1415 976 formas
1436 911 1484 977 ita
1504 937 1559 1000 op-

413 1019 548 1107 pressit,
564 1028 601 1083 ut
617 1019 683 1081 iam
697 1013 822 1098 ultimis
843 1012 967 1079 liberae
988 1011 1188 1099 reipublicae
1208 1013 1408 1100 temporibus
1429 1025 1561 1102 praeter

413 1143 519 1210 pauca
535 1120 605 1186 sive
621 1140 700 1184 casu
715 1117 786 1184 sive
805 1113 1026 1182 inconstantia
1041 1123 1174 1179 servata
1194 1113 1248 1180 val
1263 1115 1443 1200 singularia
1463 1139 1560 1204 quae-

415 1225 492 1289 dam
507 1231 539 1288 et
554 1244 637 1309 quae
653 1219 801 1286 converti
821 1219 892 1282 sine
913 1217 1147 1282 sententiamm
1168 1217 1312 1305 periculo
1335 1219 1393 1282 vix
1414 1227 1561 1306 possent,

415 1351 457 1392 ex
472 1327 560 1390 omni
574 1323 750 1389 verborum
765 1321 961 1407 antiquitate
977 1318 1046 1384 fere
1060 1318 1186 1384 nullum
1204 1319 1379 1405 vestigium
1394 1331 1561 1408 superstes

414 1437 512 1494 esset.
549 1426 666 1512 Itaque
681 1425 716 1489 in
730 1422 897 1504 frustulis,
919 1443 1004 1509 quae
1020 1445 1062 1486 ex
1081 1421 1138 1486 illa
1159 1431 1268 1489 aetate
1286 1424 1328 1488 ad
1348 1434 1461 1489 nostra
1481 1431 1561 1488 tem-

414 1552 495 1618 pora
515 1534 751 1616 pervenerunt,
774 1534 965 1591 constanter
984 1525 1127 1610 reperies
1150 1534 1182 1590 et
1203 1547 1219 1588 r
1239 1523 1381 1589 litteram
1400 1525 1434 1589 in
1454 1525 1562 1592 locum

415 1632 538 1699 veteris
555 1654 570 1696 s
586 1629 801 1695 substitutam
815 1636 849 1692 et
863 1626 997 1694 vocales
1013 1628 1024 1690 i
1040 1648 1100 1713 pro
1121 1649 1156 1709 e,
1177 1649 1199 1691 u
1220 1648 1279 1714 pro
1301 1650 1319 1692 o
1341 1628 1483 1714 itemque
1502 1650 1562 1714 pro

416 1757 458 1800 ou
473 1733 635 1821 repositas
651 1740 684 1796 et
699 1731 830 1796 diverso
847 1729 941 1815 signo
956 1737 1087 1793 notatas
1103 1728 1285 1813 gutturales
1302 1752 1319 1794 c
1335 1739 1368 1796 et
1382 1730 1562 1816 gexeeptis

416 1837 531 1902 formis
548 1839 696 1915 ‘posunt'
712 1841 745 1898 et
760 1839 874 1912 ‘pacit’
893 1831 1082 1915 (Terentius
1096 1831 1236 1896 Scaurus
1250 1853 1282 1918 p.
1293 1831 1376 1898 2253
1388 1831 1426 1897 Ρ.
1444 1833 1562 1898 Festus

415 1963 447 2026 p.
465 1938 527 2003 363
543 1935 605 2021 Μ.)
621 1958 659 2001 ac
673 1933 815 2000 fortasse
832 1939 941 1999 ‘ciens‘
960 1931 1085 2018 (Gloss.
1103 1931 1218 2020 cyrilli
1227 1933 1275 2021 ¹))
1296 1973 1328 1981 -
1347 1957 1446 2022 quam
1461 1935 1563 2001 nova·

416 2042 537 2106 tionem
558 2038 658 2103 etiam
683 2037 718 2100 in
733 2035 931 2124 ¹superstites
958 2034 1117 2112 fastorum
1144 2034 1412 2102 decemviralium
1432 2035 1564 2103 tabulas

418 2142 606 2228 ceteroquin
621 2147 752 2203 tenaces
769 2138 963 2224 antiquioris
978 2159 1056 2202 usus
1072 2159 1115 2202 ex
1129 2139 1310 2204 recentiore
1330 2139 1565 2205 consuetudine

417 2243 590 2329 irrepsisse
605 2240 829 2306 Mommsenus
846 2239 1003 2305 observat
1018 2239 1143 2306 Comm.
1160 2239 1204 2304 ad
1218 2239 1335 2306 Festos
1352 2241 1429 2304 anni
1444 2229 1565 2306 Iuliani

419 2346 456 2411 C.
473 2343 500 2409 I.
517 2345 555 2408 L.
579 2342 596 2407 Ι
616 2365 648 2428 p.
665 2341 729 2406 362
743 2379 785 2388 -
800 2350 832 2406 et
849 2341 1011 2408 abiectam
1030 2341 1065 2404 in
1080 2340 1228 2407 ablativo
1246 2350 1279 2406 et
1299 2343 1494 2430 imperativo
1511 2342 1565 2429 d²)
1650 2418 1654 2431 .

419 2458 453 2513 et
467 2444 716 2512 consonantium
736 2443 991 2528 geminationem
1012 2443 1221 2510 observatam
1238 2481 1275 2492 —
1293 2446 1372 2531 quin
1389 2446 1488 2510 etiam
1502 2447 1566 2538 Ae·

419 2551 533 2615 cianae
544 2545 710 2613 vocalium
723 2545 996 2631 geminandamm
1011 2545 1180 2612 doetrinae
1192 2547 1334 2631 vestigia
1349 2570 1415 2613 non
1430 2546 1564 2612 desunt:

418 2660 457 2716 ut
471 2651 541 2715 fere
556 2647 690 2736 propius
707 2649 819 2740 absint
833 2669 854 2711 a
865 2646 1073 2712 Ciceroniani
1088 2648 1246 2714 sermonis
1263 2647 1370 2714 colore
1385 2649 1456 2714 XII
1472 2649 1567 2715 tabu-

420 2754 471 2819 lae
486 2774 585 2840 quam
600 2773 620 2815 a
635 2750 825 2837 Scipionum
840 2749 961 2832 titulis,
977 2748 1098 2814 nedum
1113 2773 1133 2815 a
1148 2751 1328 2816 carminum
1343 2750 1520 2816 Saliarium
1536 2759 1568 2815 et

421 2854 595 2921 Arvalium
614 2851 750 2918 horrida
770 2861 944 2919 vetustate.
979 2852 1048 2917 Nec
1069 2852 1217 2939 profecto
1238 2853 1410 2940 quisquam
1434 2853 1566 2918 mirabi-

421 2969 485 3033 tur,
501 2955 590 3043 quod
604 2955 639 3019 in
654 2955 812 3042 hisquae
826 2954 978 3040 religioni
992 2955 1190 3020 inservirent
1205 2965 1238 3022 et
1252 2964 1341 3022 certo
1357 2953 1567 3020 sacerdotum

421 3058 558 3144 collegio
575 3059 611 3121 in
625 3055 812 3122 custodiam
827 3057 952 3122 tradita
972 3065 1096 3135 essent,
1119 3057 1242 3122 maiore
1267 3057 1332 3121 fide
1354 3056 1461 3122 forma
1483 3057 1568 3121 anti·

422 3185 486 3248 qua
505 3169 701 3227 conservata
722 3166 773 3222 est
787 3157 841 3222 vel
861 3169 948 3240 tum,
972 3180 1047 3223 cum
1068 3159 1137 3222 suis
1159 3158 1233 3245 ipsa
1254 3158 1483 3224 sacerdotibus
1502 3181 1569 3224 non

421 3266 487 3328 iam
502 3261 763 3346 intellegeretur,
779 3281 876 3345 quam
890 3261 925 3324 in
939 3259 1012 3345 lege
1027 3260 1189 3326 communi
1210 3261 1286 3325 usui
1306 3284 1404 3348 quam
1425 3259 1569 3326 maxime

422 3367 596 3431 destinata.
1118 3419 1127 3451 ·.

506 3466 631 3531 Verum
643 3465 809 3529 enimvero
824 3462 879 3528 vel
892 3465 927 3528 in
941 3464 1007 3529 ista
1021 3464 1166 3532 novandi
1180 3467 1402 3553 perpetuitate
1416 3466 1488 3532 fieri
1503 3487 1570 3530 non

314 3643 319 3651 ι
421 3576 568 3654 poterat,
595 3567 675 3653 quin
695 3566 798 3632 verba
816 3566 1077 3654 relinquerentur
1098 3567 1258 3654 quaedam
1279 3569 1344 3634 iam
1364 3568 1493 3655 pridem
1514 3568 1569 3634 ob·

424 3669 529 3736 soleta
543 3677 641 3755 atque
656 3670 849 3752 obscurata,
871 3670 1064 3756 praesertim
1079 3669 1137 3736 ubi
1151 3692 1204 3736 res
1225 3671 1316 3757 ipsae
1338 3670 1380 3736 ad
1396 3693 1477 3758 quas
1498 3692 1569 3757 per-

492 3945 513 4011 ¹)
532 3947 602 3998 Nam
620 3949 737 3996 ‘cenas’
756 3945 785 3995 in
803 3943 945 3996 Ciceronis
969 3945 1002 3996 de
1026 3946 1080 4011 leg.
1100 3944 1195 3997 codice
1214 3945 1347 3998 Leidensi
1364 3947 1391 3996 Η
1409 3944 1448 4012 (ΙΙ
1466 3949 1508 4010 23,
1528 3946 1571 4009 59)

425 4031 533 4082 librarii
550 4032 619 4082 vitio
637 4029 813 4096 tribuendum
832 4034 888 4080 est:
907 4030 941 4082 de
961 4045 1014 4095 quo
1032 4029 1168 4096 peccandi
1192 4045 1294 4096 genere
1318 4031 1402 4081 latius
1425 4032 1454 4081 in
1476 4032 1521 4082 his
1539 4031 1571 4082 li·

425 4118 483 4168 bris
501 4117 610 4183 patenti
627 4117 663 4167 cf.
683 4115 826 4166 Vahlenus
844 4116 873 4165 in
891 4115 991 4169 Annal.
1011 4131 1101 4183 gymn.
1120 4116 1257 4166 Austriac.
1277 4117 1343 4168 1860
1361 4132 1388 4182 p.
1406 4119 1430 4168 3.

493 4201 514 4267 ²)
533 4203 625 4253 Unum
644 4200 716 4265 quod
735 4200 794 4251 scio
813 4201 968 4266 exemplum
987 4201 1004 4251 d
1025 4203 1056 4250 in
1073 4202 1238 4267 imperativo
1261 4201 1349 4252 latino
1372 4207 1503 4253 servatae
1526 4203 1573 4254 lex

429 4287 507 4352 regia
527 4292 570 4338 est
587 4286 659 4353 apud
671 4287 785 4338 Festum
803 4304 830 4352 p.
847 4289 898 4338 230
915 4289 956 4336 ‘si
973 4303 1051 4337 nunu
1070 4321 1117 4338 ...
1133 4303 1212 4338 sacra
1229 4289 1292 4338 dinis
1309 4294 1443 4352 parentum
1461 4290 1572 4340 estod.‘

425 4372 496 4422 Nam
515 4371 586 4436 quod
604 4373 633 4421 in
650 4371 705 4422 ΧΠ
722 4371 879 4422 tabularum
897 4374 1048 4437 praecepto
1066 4369 1103 4422 ib.
1123 4389 1149 4437 p.
1162 4371 1213 4423 375
1230 4389 1256 4422 v.
1278 4374 1342 4424 viae
1363 4389 1396 4423 ex
1415 4372 1574 4438 corruptela

427 4456 487 4508 eod.
511 4456 656 4506 Ursiniani
679 4459 749 4508 ‘nius
777 4459 903 4508 miniunto
926 4458 1050 4507 dionisam
1072 4459 1173 4522 lapides
1199 4460 1273 4508 sunt'
1296 4457 1435 4524 Bergkius
1459 4456 1574 4522 (Annal.

426 4542 526 4592 scient.
544 4541 596 4591 iur.
615 4542 764 4592 hist.le
783 4542 841 4605 144)
861 4544 986 4609 reposuit
1003 4547 1041 4595 ‘a
1063 4543 1232 4593 muninniod:
1255 4543 1280 4593 io
1303 4545 1330 4593 ni
1350 4545 1408 4594 sunt
1431 4546 1447 4592 l.
1465 4546 1499 4594 s.’
1518 4543 1574 4593 ism

426 4627 565 4678 refutatur
583 4632 735 4678 oeteromm
754 4627 878 4678 codicum
901 4629 1039 4693 scriptura
1062 4626 1207 4692 patefacta
1225 4630 1351 4680 ‘muniunt
1373 4621 1509 4680 onisundi’
1527 4627 1573 4679 vel

427 4713 564 4764 ‘muniunto
582 4714 712 4765 omsamdi’
731 4713 857 4779 quamvis
875 4713 937 4779 ipsa
956 4727 1066 4778 quoque
1085 4715 1225 4778 corrupta.
