3709 5634
457 708 479 770 4
890 723 1003 770 carvr
1025 723 1172 771 rmuvu.

458 877 616 963 proximis
638 875 776 941 saeculis
797 876 928 942 videtur
955 875 1201 942 attribuendum
1221 897 1293 941 csse
1314 898 1369 940 —:
1398 875 1446 940 ita
1464 895 1506 937 ne
1532 872 1607 959 ipsa

457 978 589 1065 quidem
603 979 653 1042 his
669 977 938 1064 abrogationibus
954 976 1020 1042 ullo
1036 987 1132 1064 paeto
1149 988 1219 1043 tum
1233 977 1435 1043 labefactata
1450 984 1511 1041 est.
1569 1024 1574 1032 .

541 1080 611 1145 Nec
625 1080 751 1145 minore
766 1080 952 1144 constantia
966 1089 999 1144 et
1014 1079 1125 1147 studio
1139 1101 1198 1166 Per
1212 1080 1299 1144 idem
1319 1089 1447 1165 tempus
1469 1076 1511 1142 ad
1534 1098 1606 1141 eru·

457 1182 579 1247 dienda
593 1183 728 1268 ingenia
750 1204 790 1247 ac
811 1182 945 1267 linguae
967 1182 1105 1247 scientia
1120 1191 1154 1246 et
1173 1203 1236 1246 usu
1256 1181 1434 1247 imbuenda
1453 1179 1509 1244 lex
1523 1188 1605 1244 tam-

457 1305 556 1371 quam
570 1307 673 1374 unum
686 1293 719 1349 et
733 1283 958 1348 firmissimum
974 1281 1208 1348 adminiculum
1219 1283 1451 1370 usurpabatur.
1473 1280 1607 1346 Etenim

457 1408 500 1450 ex
514 1409 579 1473 quo
595 1375 689 1472 pueri
702 1384 755 1451 vel
769 1386 858 1451 domi
873 1385 1098 1451 educabantur
1108 1383 1162 1450 vel
1173 1385 1208 1448 in
1223 1383 1319 1451 ludos
1332 1384 1437 1450 ‘laevo
1454 1382 1607 1470 suspensi

456 1487 581 1554 loculos
598 1487 811 1575 tabulamque
829 1487 966 1554 lacerto’
990 1487 1033 1553 ad
1053 1485 1268 1554 litteratorem
1287 1487 1517 1568 mittebantur,
1534 1483 1607 1549 XII

456 1588 644 1656 tabularum
657 1589 806 1656 libellum
821 1600 856 1656 et
869 1612 969 1654 manu
984 1611 1117 1654 versare
1133 1597 1166 1654 et
1175 1597 1287 1683 'mente
1301 1599 1413 1654 tenere
1433 1588 1605 1654 adsuesce-

455 1692 537 1757 bant
546 1690 587 1778 ¹):
603 1692 691 1757 unde
706 1691 754 1756 illi
767 1701 805 1756 ut
820 1714 863 1756 ex
876 1691 1022 1758 Homero
1038 1714 1097 1757 suc
1114 1691 1234 1757 Graeci
1248 1687 1487 1756 adulescentuli
1507 1689 1606 1754 simul

457 1792 605 1859 discendi
620 1793 792 1860 materiam
806 1793 977 1859 haurirent
992 1803 1026 1860 et
1040 1793 1170 1881 paterni
1186 1792 1286 1857 moris
1306 1792 1495 1880 ingeniique
1517 1813 1605 1856 amo-

455 1917 525 1960 rem
541 1897 653 1961 statim
675 1918 695 1959 a
709 1896 830 1960 teneris
845 1895 1055 1961 imbiberent.
1085 1891 1136 1959 Ao
1157 1916 1235 1960 sane
1257 1893 1408 1981 equidem
1427 1891 1517 1958 haud
1537 1893 1606 1957 scio

456 2019 508 2079 an,
524 1997 605 2085 quid
619 1998 750 2085 utrique
765 1987 887 2084 populo
901 1997 1072 2085 proprium
1087 1996 1199 2079 fuerit,
1214 1996 1276 2063 hoc
1293 1995 1443 2062 diversae
1458 1994 1605 2082 discipli-

456 2121 518 2164 nae
538 2099 661 2164 indicio
687 2121 787 2186 quarn
812 2122 878 2187 quo
904 2099 1088 2165 certissime
1114 2097 1338 2184 dignoscatur.
1382 2099 1470 2164 Hinc
1495 2108 1605 2164 autem

456 2200 608 2265 effectum
622 2211 689 2283 est,
704 2210 743 2265 ut
757 2199 839 2286 legis
855 2199 1059 2289 exemplaria
1074 2201 1198 2288 scripta
1212 2224 1291 2268 mox
1305 2200 1448 2288 plurima
1467 2200 1606 2265 circum-

456 2302 621 2368 ferrentur
638 2341 673 2349 -
691 2301 727 2366 id
742 2302 830 2390 quod
844 2303 919 2390 ipsa
933 2325 1001 2368 vox
1016 2309 1165 2370 ‘libellus'
1187 2302 1351 2389 significat
1372 2301 1460 2389 apud
1476 2301 1606 2367 Cicero·

456 2425 531 2468 nem
545 2403 585 2468 de
601 2427 648 2470 or.
665 2403 751 2487 144,
770 2404 844 2470 195:
869 2405 949 2491 quin
970 2427 1013 2469 ex
1028 2403 1175 2470 eiusdem
1190 2405 1300 2470 verbis
1321 2404 1342 2469 l.
1359 2403 1396 2470 ΙΙ
1415 2403 1456 2470 de
1477 2403 1606 2489 legibus

455 2505 508 2586 23,
523 2504 565 2569 59
581 2509 785 2570 ‘discebamus
799 2513 876 2570 enim
894 2513 987 2586 pueri
999 2511 1071 2570 XII
1082 2517 1115 2572 ut
1127 2527 1250 2572 carmen
1262 2512 1488 2594 ¹accessuriam’
1505 2506 1605 2572 etiam

456 2606 492 2669 in
513 2606 683 2672 metricam
709 2609 851 2674 formam
873 2608 1050 2696 aliquando
1071 2608 1142 2674 XII
1168 2607 1299 2676 tabulas
1322 2609 1425 2674 fuisse
1453 2607 1606 2673 redactas

457 2731 595 2796 eamque
609 2712 668 2775 vix
683 2709 781 2775 aliam
795 2719 894 2797 atque
910 2710 1057 2776 Saturnii
1071 2713 1198 2776 numeri
1217 2734 1291 2777 cum
1306 2733 1433 2776 summa
1451 2709 1605 2798 probabi·

458 2985 577 3037 alienam
596 2987 702 3038 inierat
720 2986 926 3038 conclusionum
949 2985 1012 3038 inde
1035 2987 1252 3053 prebendarum:
1276 2987 1348 3038 idem
1371 2990 1465 3038 tamen
1488 2987 1603 3038 incaute

457 3076 570 3122 servata
587 3074 784 3123 coniunctione
802 3071 950 3137 temporali
968 3075 1026 3123 ‘aed
1046 3076 1147 3137 postea’
1167 3072 1292 3123 fraudem
1309 3073 1439 3138 prodidit.
1475 3072 1551 3134 Quin
1568 3087 1603 3122 ne
1694 3103 1695 3108 =

456 3156 592 3206 Plaetorii
610 3158 720 3220 quidem
738 3157 905 3224 plebeiscito
922 3157 1022 3222 probat
1040 3156 1111 3222 quod
1129 3157 1293 3223 probaturus
1311 3162 1362 3209 est.
1387 3158 1497 3209 Etenim
1516 3158 1604 3208 verba

456 3243 505 3291 ‘ari
519 3244 597 3291 solem
613 3246 739 3292 orcmunr’
759 3243 794 3292 ab
813 3257 846 3292 eo
863 3241 902 3306 pl.
914 3257 954 3291 sc.
969 3241 1093 3292 abfuisse
1112 3258 1227 3294 necesse
1246 3241 1303 3294 est':
1323 3258 1377 3307 quo
1394 3242 1504 3308 quidem
1524 3246 1603 3292 anta

457 3341 588 3376 occasum
611 3325 679 3376 solis
702 3325 764 3376 finis
787 3328 952 3376 constitutus
975 3327 1021 3376 sit.
1060 3327 1101 3376 Ac
1124 3343 1219 3392 parum
1244 3332 1308 3394 apte
1332 3343 1366 3378 ea
1388 3328 1417 3378 in
1432 3329 1603 3389 ⁴continuum

456 3409 602 3460 verborum
619 3410 743 3461 ordinem
761 3412 930 3462 inserunturr
950 3425 1022 3476 quae
1041 3411 1156 3463 offensio
1168 3429 1222 3463 non
1235 3413 1341 3463 tollitur
1352 3413 1526 3464 Lachmanni
1539 3428 1603 3463 ecn-

457 3496 580 3557 iectura3
598 3510 662 3544 narn
680 3500 770 3561 ‘usqae
786 3500 939 3561 rapremmu’
959 3496 1072 3547 etiamsi
1089 3497 1234 3563 probabile
1251 3497 1405 3561 videretur,
1424 3497 1501 3548 nullo
1523 3497 1603 3548 modo

351 3601 357 3612 ·
458 3580 601 3645 significat
618 3585 720 3644 ‘usque
738 3596 797 3646 per
814 3585 908 3646 supr.’‚
933 3581 981 3633 ssd
999 3586 1101 3648 ‘usque
1125 3583 1164 3632 ad
1183 3587 1268 3649 supr.’
1285 3581 1403 3648 ‘Neque
1426 3588 1520 3634 tamen
1540 3581 1604 3632 ideo

458 3665 667 3715 condemnanda
684 3669 748 3716 sunt
765 3681 825 3716 cum
843 3666 990 3717 Carrione:
1010 3668 1091 3718 immo
1109 3669 1226 3734 suspitio
1249 3671 1292 3719 est
1313 3669 1403 3734 ipsum
1422 3667 1603 3718 Censorinum

458 3766 493 3801 ea
511 3750 672 3815 explicandi
690 3753 782 3816 gratia
799 3749 871 3816 legis
889 3752 982 3803 verbis
1002 3769 1035 3803 ex
1054 3751 1109 3803 alio
1127 3754 1259 3804 Varronis
1277 3753 1338 3804 loco
1356 3752 1504 3818 descriptis
1527 3751 1604 3802 addi-

458 3835 546 3896 disse,
564 3834 637 3884 nnde
657 3835 685 3885 id
702 3836 791 3901 ipsum
815 3834 941 3888 efficeret
959 3838 1030 3902 quod
1048 3854 1063 3888 e
1082 3854 1111 3888 re
1129 3853 1178 3888 sua
1198 3843 1280 3892 esset.
1318 3837 1440 3902 Opponit
1463 3837 1535 3888 enim
1553 3837 1605 3886 ‘ad

457 3922 534 3970 soleta
551 3924 678 3970 ocrmm’
697 3920 783 3986 priori
800 3925 884 3986 ‘post
901 3938 926 3974 o.
944 3925 978 3974 a’
997 3938 1094 3988 parum
1112 3922 1161 3974 illc
1180 3937 1280 3973 curans
1301 3923 1342 3972 rei
1360 3924 1515 3988 veritatem.
1551 3919 1603 3971 Oe·

457 4009 546 4055 terum
570 4005 703 4056 confiteor
724 4005 798 4055 hand
821 4005 888 4055 mihi
909 4005 1021 4072 placere
1045 4007 1300 4058 Lachmannianam
1327 3995 1548 4058 emendationem
1575 4008 1604 4055 et

457 4095 571 4155 propter
587 4091 717 4141 vocabuli
735 4094 835 4156 ‘usqae’
854 4105 916 4140 cnm
935 4095 1097 4143 accusativo
1115 4093 1204 4143 iuncti
1220 4107 1299 4144 usum
1317 4097 1468 4158 argenteas
1492 4091 1600 4143 demum

457 4175 608 4237 latinitati,
627 4191 681 4225 non
699 4175 832 4240 antiquae
851 4175 908 4240 legi
927 4176 1116 4242 imputandum
1134 4170 1162 4229 et
1181 4181 1294 4244 propter
1310 4178 1397 4241 verba
1415 4180 1519 4244 ‘istaque
1535 4179 1603 4227 inter

458 4262 526 4310 cives
543 4262 631 4310 dicito‘
655 4260 736 4325 qnasi
760 4260 924 4326 appendicis
947 4260 1009 4312 loco
1032 4262 1224 4329 adglutinata:
1249 4279 1309 4314 cum
1331 4267 1425 4314 tamen
1448 4263 1491 4314 his
1510 4263 1602 4328 potius

458 4358 540 4407 quarn
557 4343 614 4394 illis
632 4345 693 4396 ‘duo
711 4347 815 4396 lictores
831 4348 903 4410 apud
917 4361 946 4396 aa
963 4347 1066 4398 babeto'
1083 4349 1214 4414 temporis
1237 4349 1408 4402 notationem
1432 4347 1496 4400 addi
1520 4362 1602 4414 expe·

460 4431 529 4478 ctas.
569 4430 642 4479 Hinc
666 4431 820 4495 putaverim
844 4433 947 4498 ‘lapsae’
970 4447 991 4485 s.
1018 4435 1129 4499 ‘iisque’
1151 4439 1308 4500 corruptum
1333 4451 1394 4486 esse
1418 4449 1452 4486 ex
1475 4435 1602 4500 ‘sequen

458 4512 531 4577 quod
553 4514 641 4579 ipsum
665 4515 765 4566 deinde
790 4516 883 4567 alieno
905 4516 967 4567 loco
989 4516 1097 4568 illatum
1121 4519 1172 4582 sit,
1200 4519 1345 4586 locumque
1368 4521 1410 4570 ita
1433 4519 1601 4569 retinuerimr

458 4599 520 4648 ‘due
537 4600 589 4649 tia.
608 4603 681 4665 apud
699 4617 728 4651 se
750 4602 841 4652 babela
864 4603 978 4668 iusque
1000 4604 1041 4653 ad
1061 4619 1202 4668 arrpremam
1220 4602 1269 4671 (ad
1290 4609 1367 4656 solem
1390 4603 1516 4670 carcaram)
1535 4607 1602 4654 inter

457 4685 525 4733 aver
541 4685 641 4735 dieto!
1311 4709 1313 4712 ·

526 4767 547 4831 ¹)
566 4769 603 4818 ci.
623 4769 721 4820 Cicero
740 4770 774 4820 de
793 4771 865 4836 legg.
885 4773 958 4836 114,
977 4776 1002 4823 9.
1032 4775 1073 4836 23,
1093 4775 1135 4826 59.
1165 4773 1282 4826 Plautus
1294 4775 1376 4831 Most.
1389 4777 1403 4828 I
1415 4780 1440 4843 2,
1453 4777 1487 4828 45
1504 4793 1530 4826 v.
1545 4775 1600 4824 tao,
