3709 5634
421 617 462 683 98
839 627 951 675 osrvr
974 626 1150 687 qurrvn.

422 794 462 852 ‘a'
471 807 532 851 nox
540 788 658 862 furtum
667 787 785 861 suctum
795 787 828 847 si
832 792 843 845 t
848 787 868 859 ’,
880 782 947 847 iam
958 781 1062 847 verba
1073 779 1211 845 fecimus
1224 802 1257 867 p.
1266 780 1321 844 79:
1335 788 1373 845 ut
1383 802 1451 846 non
1461 781 1567 845 minus

420 898 535 976 pateat
550 880 764 953 reficiendum
780 908 852 951 esse
868 884 956 971 quod
970 882 1002 947 V
1017 883 1038 948 5
1053 905 1096 947 ex
1111 880 1304 949 Collationis
1320 882 1470 947 codicum
1491 876 1585 945 scri'

421 1002 520 1079 ptura
534 996 581 1057 ‘ss'
590 999 702 1070 oratus
723 994 831 1053 nesott’
847 984 1059 1052 Hauboldius
1075 982 1212 1071 protulit
1227 990 1299 1049 ‘nec
1317 991 1381 1063 siff,
1403 993 1462 1049 aut
1480 984 1569 1081 quod

420 1093 453 1159 V
467 1094 490 1158 4
503 1091 656 1159 lacunam
670 1100 745 1180 post
760 1098 838 1157 ‘nec’
853 1088 887 1153 in
901 1088 1036 1175 Ulpiani
1051 1086 1124 1153 cod.
1140 1086 1303 1153 Vaticano
1318 1085 1407 1150 idem
1421 1083 1568 1151 Haubol-

421 1196 496 1265 dius
512 1217 650 1283 eumque
666 1193 769 1259 secuti
785 1194 882 1277 Hugo
898 1200 932 1258 et
947 1190 1158 1288 Goeschcnus
1175 1189 1224 1274 (in
1238 1187 1359 1254 Annal.
1374 1189 1437 1254 iur.
1454 1188 1569 1254 scient.

420 1298 535 1365 histor.
550 1296 600 1363 IV
617 1294 692 1380 130)
708 1293 945 1383 suppleverunt
959 1300 1023 1359 ‘oui
1034 1315 1107 1358 suus
1121 1297 1207 1357 teres
1221 1313 1276 1356 nec
1290 1298 1350 1355 sit’
1379 1291 1485 1377 Atqui
1500 1293 1568 1355 fue·

420 1408 498 1465 runt
518 1400 574 1487 qui
589 1406 621 1463 et
635 1398 696 1463 hoc
718 1396 787 1465 loco
797 1446 805 1480 ,
829 1420 903 1463 cum
918 1398 954 1461 in
969 1395 1049 1461 Ooll.
1067 1394 1154 1459 XVI
1167 1395 1204 1476 4,
1223 1395 1237 1458 1
1262 1400 1338 1457 ‘est’
1360 1392 1567 1475 exhibeatur,

420 1502 526 1568 rarius
548 1509 658 1566 autem
680 1498 875 1566 vocabulum
900 1498 991 1586 apud
1014 1496 1194 1585 Ulpianum
1222 1495 1351 1561 librarii
1380 1489 1569 1581 ignorantia

420 1605 577 1670 omissum
592 1622 745 1667 essenon
760 1602 830 1667 sine
845 1624 965 1667 caussa
978 1608 1137 1682 sumatur,
1154 1598 1266 1664 stillis
1282 1598 1411 1664 duobus
1427 1594 1567 1685 aliisque

420 1706 615 1795 quibusdam
633 1710 711 1771 ‘esd'
726 1714 872 1771 veterem
893 1702 964 1769 sive
984 1702 1186 1768 coniunctivi
1207 1700 1277 1766 sive
1297 1700 1402 1765 futuri
1426 1698 1568 1763 formam

418 1807 683 1874 introducerent:
705 1808 794 1895 quod
815 1829 888 1872 cum
909 1806 1010 1872 etiam
1024 1805 1064 1870 0.
1080 1801 1257 1869 Muellerus
1272 1801 1447 1888 probasset
1460 1802 1498 1867 in
1512 1823 1565 1865 ex-

419 1934 519 1976 cursu
540 1909 583 1975 ad
602 1908 720 1975 collat.
744 1910 921 1975 editionem
941 1907 1151 1973 Blumianam
1177 1929 1210 1994 p.
1233 1904 1295 1969 164
1315 1902 1355 1969 cl.
1380 1903 1455 1967 142:
1479 1902 1567 1967 idem

419 2021 535 2100 postea
559 2012 753 2078 retractavit
778 2011 974 2077 sententiam
1003 2011 1038 2073 in
1068 2006 1296 2095 disquisitione
1324 2006 1431 2072 bonae
1460 2004 1565 2090 frugis

419 2113 517 2200 plena
532 2114 573 2179 de
591 2119 687 2177 ‘escit'
704 2122 736 2178 et
751 2113 900 2199 cognatis
916 2111 1029 2177 formis
1045 2112 1080 2174 in
1095 2109 1166 2195 lege
1182 2109 1254 2174 XII
1273 2108 1397 2173 inserta
1411 2106 1565 2192 Hugonis

418 2215 649 2300 Promptuario
676 2214 737 2280 iur.
764 2216 827 2281 civ.
855 2214 906 2279 VI
931 2214 995 2279 420
1010 2236 1081 2302 sqq.
1112 2250 1146 2258 —
1174 2210 1263 2275 unde
1287 2210 1430 2297 repetita
1456 2209 1566 2281 estin

420 2316 539 2405 Script.
555 2316 636 2380 min.
651 2317 668 2380 I
683 2315 747 2383 375
762 2339 831 2405 sqq.
847 2355 889 2363 —
903 2316 971 2382 Ubi
986 2315 1065 2381 locis
1082 2314 1234 2406 omnibus
1255 2312 1431 2397 diligenter
1450 2333 1565 2399 perve-

420 2418 550 2502 stigatis
566 2422 641 2481 ‘erit’
657 2416 781 2481 nullam
795 2440 933 2504 usquam
948 2440 968 2481 a
982 2417 1134 2483 codicum
1144 2416 1295 2501 vestigiis
1311 2414 1565 2481 commendatio-

419 2540 494 2582 nem
513 2518 636 2584 habere
656 2541 734 2585 vere
754 2520 941 2605 perspexit,
967 2519 1087 2583 nimius
1109 2527 1219 2583 tamen
1239 2518 1275 2581 in
1296 2539 1351 2601 eo,
1377 2517 1465 2603 quod
1490 2515 1566 2590 inde

420 2621 533 2687 statim
548 2642 568 2685 a
583 2620 805 2686 decemvirum
820 2630 928 2686 aetate
943 2620 1071 2685 litterae
1087 2642 1102 2684 s
1123 2620 1210 2685 inter
1224 2618 1355 2685 vocales
1371 2642 1468 2684 usum
1484 2618 1565 2684 anti·

419 2721 610 2810 quissimum
626 2722 846 2789 abiudicavit:
869 2744 935 2809 qua
949 2724 983 2788 in
1003 2745 1039 2787 re
1053 2744 1114 2787 nec
1127 2731 1215 2787 recte
1235 2720 1377 2787 fratrum
1392 2721 1564 2787 Arvalium

420 2825 563 2889 carmine
582 2825 688 2891 utitur
710 2824 838 2913 (Suppl.
860 2825 948 2890 Ann.
972 2824 1016 2889 ad
1038 2826 1128 2889 Fest.
1152 2847 1185 2911 p.
1206 2825 1283 2910 386)
1305 2846 1411 2911 neque
1431 2823 1563 2889 omnino

418 2928 580 2992 rationem
603 2926 684 2991 satis
705 2926 813 2991 tenuit
832 2928 932 2993 moris
953 2925 1042 2991 illius
1065 2925 1213 2994 novandi
1233 2935 1267 2991 et
1286 2924 1564 3007 acoommodandi,

419 3049 516 3115 quem
530 3028 566 3093 in
580 3026 652 3093 XII
665 3027 808 3093 maxime
825 3028 1006 3095 obtinuisse
1021 3050 1122 3115 supra
1136 3028 1291 3094 vidimus.
1330 3027 1428 3109 Quod
1447 3037 1486 3093 ut
1500 3050 1562 3092 me·

418 3132 482 3197 rito
498 3132 627 3197 notavit
639 3128 832 3195 Huschkius
849 3130 890 3195 de
901 3132 994 3217 tigno
1010 3130 1121 3214 iuncto
1137 3154 1170 3217 p.
1181 3130 1221 3195 21
1236 3153 1285 3216 sq.
1294 3130 1337 3213 ¹):
1354 3130 1401 3193 ita
1412 3131 1484 3217 ipse
1495 3152 1562 3195 rur-

419 3255 475 3298 sus
491 3231 540 3296 illi
553 3230 718 3297 notandus
734 3232 801 3298 fuit
814 3231 944 3321 (Suppl.
961 3256 1035 3298 ann.
1052 3232 1073 3297 l.
1089 3232 1143 3321 l.):
1161 3233 1217 3320 qui
1232 3240 1327 3300 vetus
1343 3216 1563 3297 commentum

419 3338 496 3397 ‘erit'
512 3343 546 3399 et
560 3333 724 3399 recoxerit
739 3344 771 3399 et
785 3357 871 3401 novo
887 3357 979 3401 more
999 3334 1209 3401 exornaverit
1229 3356 1384 3421 praesens
1405 3335 1564 3421 interpre-

418 3443 525 3516 tatus,
540 3456 607 3499 non
628 3433 785 3499 futurum.
797 3434 823 3520 ²)
860 3435 931 3501 Neo
951 3434 1113 3503 validiora
1133 3445 1209 3501 sunt
1229 3445 1424 3523 argumenta
1444 3436 1562 3524 quibus

418 3556 563 3601 errorem
576 3535 735 3603 firmavit:
756 3558 830 3602 cum
846 3542 942 3603 ‘escit’
956 3537 1180 3605 inchoativum
1195 3561 1254 3626 pro
1269 3539 1380 3604 futuro
1395 3538 1496 3604 fuerit
1510 3538 1562 3603 de·

418 3637 588 3720 cemviris,
604 3636 741 3703 alteram
755 3639 896 3705 formam
912 3647 1002 3704 ‘erit'
1018 3640 1130 3705 dicens
1145 3640 1227 3706 ferri
1245 3664 1313 3707 non
1331 3664 1445 3729 posse3
1467 3640 1562 3705 adeo-

419 3762 481 3828 que
496 3740 605 3827 ipsum
625 3738 773 3805 futurum
787 3741 928 3827 primum
944 3752 1020 3829 post
1035 3747 1095 3807 ‘si'
1116 3744 1194 3830 poni
1215 3768 1282 3821 non
1297 3742 1402 3809 solere
1423 3752 1560 3830 excepto

418 3864 483 3907 uno
499 3841 570 3908 loco
587 3842 638 3907 13
654 3846 698 3906 ‘st
713 3881 751 3890 —·
767 3850 868 3908 vilium
883 3852 971 3911 escit'
988 3844 1064 3911 ‘ubi
1082 3845 1237 3931 quoniam
1251 3845 1332 3911 haec
1346 3837 1457 3911 omnia
1471 3845 1515 3910 ad
1529 3844 1562 3907 in

417 3942 468 4008 ius
484 3948 657 4011 vocantem
672 3944 876 4029 referuntur,
892 3969 957 4033 quo
972 3956 1127 4032 respectu
1141 3970 1219 4015 vere
1234 3958 1309 4013 sunt
1323 3948 1446 4030 futura,
1462 3948 1562 4015 etiam

417 4044 566 4110 futurum
580 4046 769 4132 ponendum
783 4053 887 4113 erat':
912 4070 997 4135 quae
1011 4047 1160 4115 refellere
1175 4048 1222 4115 nil
1236 4051 1371 4134 attinet3
1394 4050 1438 4117 cf.
1454 4050 1472 4115 Ι
1486 4052 1507 4116 3
1522 4056 1564 4112 ‘si
1687 4109 1688 4112 ,

418 4154 510 4221 nolet,
526 4168 666 4212 arceram
682 4170 720 4213 oe
733 4156 876 4231 obruad,
893 4150 948 4216 III
962 4150 985 4213 4
999 4156 1039 4215 ‘rr'
1051 4158 1138 4229 volet,
1154 4159 1227 4231 plus
1242 4158 1335 4219 doto?
1372 4151 1457 4217 Nam
1473 4151 1559 4238 quod

417 4268 519 4313 unum
543 4247 687 4335 aliquam
713 4274 792 4317 sane
819 4251 963 4340 speciem
982 4274 1061 4339 prae
1082 4276 1118 4321 se
1139 4252 1205 4319 fert
1223 4254 1309 4319 VIII
1332 4254 1370 4319 16
1396 4260 1436 4317 ‘si
1453 4259 1562 4319 odoro!

487 4503 506 4568 ¹)
525 4506 562 4556 cf.
580 4506 614 4562 G.
633 4506 744 4560 Curtius
762 4510 796 4561 de
814 4515 897 4579 temp.
915 4517 945 4564 et
962 4507 1033 4567 mod.
1051 4531 1077 4581 p.
1097 4513 1153 4568 116.

485 4588 506 4655 ²)
525 4590 610 4643 Cuius
628 4596 785 4648 sententiae
803 4597 929 4649 comitem
946 4602 1046 4669 nactus
1064 4599 1348 4670 estWesenbergium
1367 4595 1402 4656 ad
1417 4599 1558 4659 Ciceronis

416 4673 499 4726 Tunc.
517 4675 560 4727 111
576 4678 600 4737 ὅ,
620 4679 650 4727 11
669 4679 698 4728 in
716 4680 782 4732 edit.
800 4682 915 4738 Baiteri.
1432 4676 1436 4683 ⁸
