3709 5634
416 598 476 663 136
840 616 979 663 annuns
1002 616 1048 663 vr.
1070 616 1131 663 vu.

501 784 718 855 QVANDOQVE
742 784 893 850 saurus,
917 786 1034 833 nonno
1056 785 1200 833 nunnus
1223 786 1339 833 navus

500 868 663 956 leianus
691 869 712 933 l.
735 870 909 935 XXXVII
939 871 981 935 ad
1009 870 1072 935 Ed.
1106 872 1184 955 Dig.
1206 870 1260 952 47,
1282 872 1318 952 3,
1343 874 1360 933 1
1384 892 1433 956 pr.
1473 868 1562 932 ‘Lex

415 970 587 1038 duodecim
607 971 795 1037 tabularum
816 995 921 1058 neque
944 971 1072 1038 soluere
1084 973 1245 1059 permittit
1258 972 1387 1057 iignum
1400 970 1563 1035 furtiuum

416 1074 554 1139 aedibus
576 1072 630 1139 uel
652 1074 758 1141 uineis
780 1075 928 1139 iunctum
948 1096 1054 1162 neque
1074 1074 1260 1158 uindicare3
1283 1073 1373 1160 quod
1386 1072 1563 1161 prouiden-

418 1187 468 1242 ter
490 1174 546 1240 lex
568 1176 674 1241 effecit
681 1224 690 1258 ‚
713 1200 755 1242 ne
776 1174 829 1241 uel
852 1175 1004 1241 aedificia
1026 1177 1088 1241 sub
1110 1177 1172 1243 hoc
1193 1184 1367 1263 praetextu
1390 1174 1564 1239 diruantur

418 1276 472 1343 uel
494 1278 665 1343 uinearum
687 1276 816 1344 cultura
837 1278 1000 1344 turbetur:
1025 1278 1084 1343 sed
1105 1279 1140 1343 in
1163 1300 1237 1344 eum
1251 1277 1309 1365 qui
1324 1278 1497 1345 conuictus
1513 1283 1565 1341 est

374 1442 377 1447 .
417 1378 566 1445 iunxisse
587 1380 622 1444 in
644 1380 781 1467 duplum
804 1379 1081 1445 detectionem·

846 1582 1034 1649 TABVLA
1055 1584 1132 1650 VII.

976 1739 1003 1802 1.

503 1838 610 1906 Varro
640 1838 681 1904 de
702 1839 740 1903 L.
765 1839 803 1903 L.
829 1836 933 1903 V22.
978 1838 1107 1904 <Edam
1134 1839 1277 1904 ambitus
1306 1848 1358 1904 est
1385 1838 1476 1924 quod
1507 1838 1568 1903 cir·

420 1941 605 2007 cumeundo
628 1942 759 2006 ten'tur:
784 1962 859 2007 nam
882 1941 1025 2006 ambitus
1047 1940 1220 2020 circuitus,
1243 1940 1286 2006 ab
1308 1962 1413 2026 eoque
1432 1939 1507 2004 XII
1520 1950 1568 2005 ta-

309 2120 311 2125 ,
420 2041 574 2109 bularum
596 2042 790 2129 interpretes
814 2042 956 2107 ambitus
981 2042 1014 2128 (Ι.
1037 2042 1211 2131 ambitum)
1234 2041 1371 2129 parietis
1395 2042 1569 2107 circuitum

420 2167 493 2211 erse
515 2143 732 2211 describunt.'

505 2245 661 2310 Volusius
684 2244 873 2311 Maecianus
896 2246 1036 2312 Distrib.
1059 2246 1112 2311 46.
1146 2244 1343 2312 ‘Sestertius
1372 2246 1455 2311 duos
1478 2267 1570 2312 asses

422 2393 621 2405 -μ--ι-

421 2478 545 2551 cauetur,
556 2502 590 2538 ne
604 2486 664 2552 quis
677 2486 783 2552 tignum
793 2487 915 2539 alienum
925 2485 1041 2538 aedibus
1050 2488 1107 2537 suis
1117 2488 1243 2538 iunctum
1253 2487 1373 2538 eximere
1383 2491 1512 2554 cogatur,
1523 2487 1572 2539 sed

421 2572 536 2640 duplum
553 2587 602 2639 pro
619 2587 652 2623 eo
670 2576 793 2637 praestet
810 2570 869 2639 [per
887 2573 1038 2637 actionem,
1062 2586 1133 2637 quae
1156 2577 1274 2624 uocatur
1291 2572 1326 2624 de
1349 2573 1428 2639 tigno
1446 2573 1572 2624 iniuncto

421 2656 541 2725 aod.1.].
558 2656 754 2723 Appellatione
767 2662 859 2709 autem
872 2657 944 2722 tigni
956 2672 1049 2707 omnes
1061 2657 1196 2708 materiae
1208 2656 1414 2723 significantur,
1425 2673 1460 2708 er
1473 2658 1573 2722 quibus

423 2742 554 2794 aedificia
566 2741 644 2793 fiunt.
664 2739 752 2807 [Quod
764 2741 826 2793 ideo
841 2742 981 2807 prouIsum
991 2745 1042 2806 est,
1053 2756 1088 2792 ne
1101 2741 1259 2793 aedilicium
1271 2743 1394 2794 rescindi
1406 2758 1526 2794 necesse
1538 2742 1573 2794 sit

421 2830 484 2881 add.
497 2823 536 2893 1.]
556 2826 630 2892 Ergo
648 2826 673 2876 si
691 2825 787 2891 aliqua
805 2842 838 2877 ex
851 2840 938 2876 causa
951 2826 1069 2876 dirutum
1081 2827 1118 2876 sit
1131 2826 1302 2891 aedificium,
1320 2829 1425 2893 poterii
1435 2828 1574 2879 materiae

422 2912 548 2965 dominus
561 2908 595 2977 [si
609 2926 665 2961 non
682 2910 766 2961 fuerit
784 2909 895 2976 duplum
908 2911 964 2959 iam
976 2916 1138 2975 persecutus
1150 2914 1213 2963 odd.
1222 2908 1259 2977 1.]
1273 2916 1342 2963 tune
1354 2928 1417 2963 eam
1428 2912 1573 2965 uindicare

423 3003 453 3050 et
473 2998 509 3048 ad
527 2995 710 3047 exhibendum
729 2999 834 3060 agere.’
860 2995 940 3045 Paul.
953 2995 972 3045 l.
985 2995 1051 3045 XXI
1069 2995 1104 3046 ad
1116 2996 1166 3047 Ed.
1184 2997 1219 3047 D.
1233 2997 1258 3057 6,
1279 2999 1303 3061 1,
1322 2999 1356 3049 23
1373 2998 1390 3059 6
1408 2998 1425 3047 6
1443 2998 1574 3065 ‘Tignum

426 3084 549 3134 alienum
568 3080 684 3133 aedibus
702 3080 825 3131 iunctum
842 3096 894 3130 nec
912 3079 1051 3130 uindicari
1068 3085 1161 3146 potest
1178 3085 1291 3147 propter
1308 3081 1401 3147 legem
1419 3081 1477 3133 XII
1495 3083 1574 3133 tabu-

423 3170 513 3221 larum
531 3183 584 3219 nec
602 3183 634 3218 eo
652 3166 762 3217 nomine
781 3164 817 3217 ad
835 3165 1019 3216 exhibendum
1039 3166 1086 3230 agi
1103 3166 1157 3216 nisi
1176 3166 1311 3217 aduersus
1324 3182 1400 3227 eum,
1421 3168 1470 3232 qui
1482 3168 1575 3219 sciens

424 3254 546 3305 alienum
563 3252 653 3301 iunxit
671 3250 801 3303 aedibus:
821 3249 869 3301 sed
888 3254 931 3300 est
948 3250 1022 3300 actio
1041 3250 1156 3314 antiqua
1174 3250 1208 3301 de
1227 3251 1306 3315 tigno
1328 3251 1425 3302 iuncto
1449 3268 1524 3317 quae
1547 3254 1575 3302 in

424 3337 535 3403 duplum
554 3335 667 3401 exlege
686 3336 740 3386 XII
753 3334 811 3385 tab.
832 3334 994 3386 descendit)
1024 3333 1065 3385 Id.
1080 3336 1162 3399 10‚4‚
1182 3337 1206 3385 6.
1225 3336 1268 3399 24,
1288 3338 1312 3400 1,
1331 3336 1373 3387 63.
1393 3336 1431 3391 cf.
1444 3337 1470 3398 6,
1491 3339 1517 3401 1,
1534 3338 1574 3389 ⁶9.

423 3424 467 3486 44,
486 3424 511 3484 2,
531 3421 546 3470 7
564 3422 579 3482 ξ
598 3422 622 3473 2,
641 3422 683 3483 47,
702 3419 726 3481 3,
745 3421 769 3471 2.
788 3420 829 3482 50,
850 3420 890 3482 16,
910 3420 952 3473 62.
985 3418 1046 3470 Gai.
1058 3418 1076 3471 l.
1089 3418 1180 3470 XXVI
1198 3419 1234 3469 ad
1253 3419 1295 3472 ed.
1312 3436 1392 3486 prou.
1411 3421 1510 3489 ‘Tigni
1529 3438 1575 3489 ap-

423 3505 576 3573 pellatione
594 3504 623 3553 in
641 3504 703 3568 lege
721 3504 774 3553 XII
788 3503 945 3553 tabularum
963 3518 1042 3553 omne
1055 3490 1148 3569 genus*
1159 3506 1296 3556 materiae
1316 3522 1351 3556 ex
1369 3521 1426 3570 qua
1444 3505 1576 3558 aedificia

425 3593 555 3643 constant
571 3586 767 3653 significatur.’
804 3588 840 3637 cf.
852 3590 895 3652 47,
913 3590 939 3647 3,
959 3590 972 3637 l
991 3588 1033 3648 §1
1053 3588 1148 3655 ‘Tigni
1166 3593 1258 3640 autem
1276 3590 1468 3656 appellatione
1488 3593 1576 3643 conti·

424 3679 506 3727 netur
525 3674 612 3723 omnis
630 3674 761 3737 materia,
781 3689 814 3724 ex
832 3688 886 3739 qua
909 3671 1067 3723 aedificium
1090 3678 1200 3725 constet
1218 3675 1375 3741 uineaeque
1392 3678 1576 3728 necessaria?

426 3759 489 3825 le·
510 3760 554 3818 10,
573 3760 604 3821 4,
625 3758 639 3809 '1
657 3774 700 3823 pr.
732 3757 794 3811 Gai.
812 3758 830 3810 l.
849 3758 893 3808 III
911 3756 946 3807 ad
964 3757 1054 3823 legem
1071 3759 1125 3810 XII
1142 3758 1309 3810 tabularum.
1340 3761 1375 3815 D.
1395 3762 1444 3826 50,
1465 3762 1509 3826 16,
1528 3765 1576 3814 236

425 3846 468 3907 §1
487 3843 606 3894 ‘Fabros
624 3843 763 3909 tignarios
781 3841 895 3892 dicimus
913 3856 969 3892 non
987 3857 1035 3893 eos
1053 3842 1188 3894 duntaxat
1206 3845 1253 3909 qui
1270 3844 1351 3910 tigna
1369 3844 1510 3911 dolarent,
1529 3846 1577 3898 sed

426 3924 524 3982 omnss'
545 3928 593 3994 qui
614 3927 820 3980 aedificarent)
855 3928 881 3981 8.
899 3926 1002 3976 Festus
1020 3944 1046 3991 p.
1063 3930 1114 3978 322
1132 3928 1170 3978 Μ.
1189 3927 1345 3995 ‘(Sarpta
1362 3932 1449 3981 niuea
1466 3936 1575 3997 putata,

426 4013 467 4078 i)d
486 4016 529 4064 est
546 4028 615 4079 pura
634 4012 723 4075 (iacta
737 4049 743 4061 .
758 4049 764 4061 .
778 4049 805 4064 ..
825 4026 939 4076 sarpere
958 4011 1031 4061 enim
1049 4010 1167 4077 alntiqui
1184 4028 1233 4079 pro
1251 4014 1386 4081 pur(gare
1404 4014 1576 4081 dicebant).’

427 4100 464 4153 cf.
484 4098 574 4151 Gloss.
593 4096 681 4150 Labb.
702 4102 800 4163 ‘serpo
819 4094 947 4149 κλαδεὺω
966 4091 1130 4157 ἀμπέλους)

496 4186 519 4233 1.
538 4182 641 4233 Paulus
659 4182 726 4231 Exc.
747 4197 780 4232 ax
797 4180 882 4231 Festo
900 4196 927 4245 p.
946 4180 962 4229 5
980 4180 1017 4230 M.
1036 4180 1173 4232 ‘Ambitus
1191 4184 1301 4249 proprie
1320 4182 1425 4235 dicitur
1443 4186 1577 4237 circuilus
1687 4221 1688 4232 .

429 4266 616 4319 aedifioIorum
633 4270 733 4331 patens
751 4265 779 4313 in
797 4264 973 4315 latitudinem
991 4264 1075 4329 pedes
1093 4264 1162 4316 duos
1183 4272 1210 4316 et
1228 4268 1389 4328 semissem,
1408 4270 1438 4319 in
1456 4270 1577 4337 longitu-

430 4388 633 4397 ..-—-..---—

514 4476 541 4531 8.
566 4476 656 4548 ligna.
671 4489 706 4529 ne
721 4471 853 4529 uindicito
868 4473 964 4543 suppl.
979 4471 1147 4530 Husoblo‘ua
1162 4491 1195 4545 p.
1212 4479 1252 4532 24
1267 4492 1296 4531 n.
1315 4480 1364 4533 42.
1385 4476 1470 4536 Idem
1485 4486 1577 4535 samen

426 4576 458 4631 p.
477 4563 525 4614 24.
543 4562 578 4613 29
592 4559 730 4613 restituis:
751 4572 839 4630 neque
859 4559 940 4613 uinea
956 4558 1118 4633 quandoque
1134 4567 1242 4633 sarpta,
1262 4560 1350 4617 donec
1371 4563 1484 4637 dempta
1499 4572 1578 4623 erunt

432 4640 464 4716 (s.
481 4642 586 4714 esunt),
603 4643 679 4715 ilgna
693 4641 834 4698 uindiciio.
852 4649 894 4697 ast
910 4645 957 4715 qui
973 4643 1075 4709 iunxit,
1088 4644 1221 4717 'duplione
1237 4645 1365 4702 damnum
1379 4647 1513 4708 decidito.
