3709 5634
524 615 571 662 ns
594 613 777 662 nvonncm
800 599 1014 670 rravnasvn
1036 616 1210 664 urucam.
1398 603 1438 666 21
1468 594 1470 598 ’

294 776 374 853 11116,
389 770 586 850 Lambinus,
605 768 801 852 Salmasius,
819 769 1020 852 Gronovius,
1034 770 1101 836 alii.
1133 771 1280 854 Quorum
1295 774 1440 838 omnium

290 896 388 939 curas
410 874 541 938 criticas
557 872 744 937 Dirlrsenus
766 895 806 937 ea
825 895 892 959 qua
906 895 967 960 par
982 880 1032 938 est
1045 872 1204 960 religione
1218 875 1253 939 in
1268 874 1440 940 consilium

294 977 443 1060 vocavit,
470 974 654 1041 laudandus
681 975 780 1040 etiam
806 997 860 1057 66,
885 975 973 1061 quod
995 985 1028 1042 61
1048 976 1141 1042 vanis
1164 975 1229 1042 illis
1245 979 1439 1044 restituendi

293 1079 494 1146 ornamentis
517 1080 553 1144 in
572 1079 832 1166 fragmentorum
853 1098 991 1142 recensu
1005 1077 1215 1144 abstinuitet
1229 1079 1371 1168 plurima
1386 1105 1439 1148 ou-

290 1181 401 1270 pidius
426 1204 526 1268 quam
545 1181 656 1248 verius
678 1181 721 1246 ab
743 1179 923 1247 editoribus
948 1189 1079 1267 arrepta
1099 1181 1223 1248 reiecit.
1270 1183 1374 1270 Atqui
1398 1207 1439 1248 ne

290 1286 364 1371 ipse
380 1284 513 1372 quidem
528 1307 596 1349 rem
612 1282 758 1349 absolvit
772 1305 832 1348 nce
847 1282 954 1348 voluit
969 1277 1159 1368 absolvere3
1176 1307 1250 1350 cum
1261 1285 1324 1352 hoc
1334 1287 1438 1372 magis

290 1396 419 1474 ageret,
442 1397 479 1453 ut
500 1395 656 1471 congesta
679 1386 721 1450 ab
734 1384 807 1450 aliis
824 1385 989 1472 digereret
1005 1394 1037 1450 61
1051 1386 1086 1450 in
1102 1410 1167 1453 uno
1185 1399 1359 1477 conspectu
1374 1389 1438 1456 661-

288 1491 414 1556 locaret
429 1511 528 1578 quam
542 1499 579 1556 ut
594 1488 727 1576 proprio
743 1487 849 1553 Marte
870 1488 906 1551 in
925 1487 1121 1574 fragmentis
1138 1489 1245 1557 denuo
1260 1501 1438 1557 retractan-

289 1593 341 1659 dis
357 1591 553 1658 elaboraret.
582 1590 653 1656 Nec
673 1591 779 1677 magis
799 1591 875 1656 huic
897 1590 946 1655 rei
961 1600 1122 1658 vacarunt
1137 1594 1194 1679 qui
1209 1603 1285 1678 post
1297 1593 1438 1660 Dirkse-

288 1719 367 1761 num
402 1695 474 1760 XII
510 1692 698 1763 tabularum
717 1770 720 1777 ἱ
740 1692 882 1758 editores
919 1693 1102 1760 extiterrmt
1135 1693 1258 1760 Zellius
1292 1695 1439 1781 (Legum

289 1797 361 1864 XII
388 1797 480 1864 tabb.
507 1797 627 1882 fragm.
653 1796 744 1863 Frib.
773 1796 869 1881 1825)
898 1794 1095 1863 Hauboldus
1131 1798 1232 1884 (Inst.
1259 1794 1321 1862 iur.
1343 1797 1436 1863 Rom.
1544 1865 1546 1868 ,

290 1900 340 1968 611.
365 1899 445 1968 0116
469 1900 606 1966 182611
636 1898 776 1986 1-10.)
808 1899 989 1966 Cosmanus
1022 1900 1072 1988 (in
1097 1900 1161 1965 den
1188 1899 1285 1967 Texii
1315 1899 1437 1966 Fontes

289 2014 355 2070 tres
370 2004 432 2068 iur.
460 2004 524 2070 civ.
547 2025 628 2068 rom.
650 2004 757 2069 Amst.
781 1995 893 2089 1840.)
912 2003 1064 2087 Eggerus
1086 2003 1211 2090 (Latini
1232 2012 1440 2070 6611116111-

292 2108 401 2174 stioris
423 2105 581 2194 reliquiae
600 2106 676 2171 Par.
697 2105 780 2171 1843
795 2129 827 2192 p.
845 2106 887 2170 89
904 2106 990 2194 sqq.)
1007 2103 1176 2171 Demclius
1193 2107 1334 2192 (Legum
1355 2130 1438 2195 quae

289 2208 331 2276 ad
345 2211 398 2276 ius
414 2207 512 2275 civile
527 2217 677 2296 spectant
697 2208 884 2292 fragmenta
897 2207 1025 2273 Vimar.
1051 2207 1132 2274 1857
1148 2231 1180 2295 p,
1200 2210 1217 2272 1
1236 2209 1322 2297 sqq.)
1339 2211 1438 2276 (11161-
1560 2281 1568 2310 s

288 2315 370 2380 stius
403 2311 534 2398 (Instit.
564 2321 597 2377 61
626 2311 731 2396 regul.
763 2310 827 2374 iur.
861 2332 942 2376 rom.
983 2319 1158 2398 syntagma
1186 2311 1322 2398 Lipsiae
1355 2311 1436 2378 1858

289 2440 321 2504 p.
342 2415 415 2481 XII
436 2412 522 2501 sqq.)
549 2413 707 2478 Brunsius
736 2411 871 2498 (Fontes
897 2413 960 2479 iur.
988 2436 1069 2478 rom.
1092 2414 1220 2500 antiqui
1241 2413 1328 2480 Tub.
1352 2415 1436 2479 1860

287 2542 319 2606 p.
334 2518 356 2584 5
371 2516 475 2606 sqq.):
499 2517 556 2604 qui
576 2515 645 2580 fere
666 2516 886 2591 substiterunt
905 2516 942 2580 in
956 2515 1045 2582 illius
1062 2517 1212 2603 vestigiis
1228 2517 1435 2604 paucissimis

290 2622 329 2689 dc
345 2643 405 2686 suo
417 2618 472 2686 vel
484 2619 618 2684 mutatis
634 2617 689 2684 vel
704 2618 877 2708 suppletis.
907 2619 959 2684 Ac
973 2655 1016 2666 -
1030 2642 1071 2684 ne
1093 2619 1133 2685 de
1153 2620 1200 2685 eis
1223 2619 1331 2686 dicam
1353 2643 1436 2708 quae

288 2723 456 2792 latuerunt
470 2721 677 2815 Dirksenum
693 2743 821 2809 quaeve
835 2730 952 2808 postea
968 2721 1099 2794 demum
1111 2744 1153 2787 ex
1163 2722 1310 2788 fontibus
1322 2744 1435 2788 recens

289 2826 430 2912 repertis
450 2825 661 2890 innotuerunt
681 2861 723 2870 -
743 2846 816 2888 cum
842 2821 937 2909 plura
963 2821 1040 2888 sunt
1064 2832 1140 2910 post
1159 2823 1252 2888 illum
1272 2846 1292 2888 a
1313 2825 1435 2890 criticis

289 2929 372 2995 bene
387 2935 522 3010 novata,
538 2936 608 2992 tum
622 2925 724 3014 plura
733 2947 821 2990 nunc
830 2924 927 2991 novis
940 2923 1073 2988 auxiliis
1085 2927 1238 2990 instructi
1250 2935 1282 2991 61
1292 2926 1435 2991 maxime

287 3029 522 3118 grammaticae
540 3030 679 3098 Latinae
695 3027 818 3095 studiis
838 3049 942 3115 nuper
963 3026 1243 3094 efflorescentibus
1266 3017 1372 3093 adiuti
1386 3051 1434 3093 16-

288 3134 371 3200 611116
387 3155 486 3221 quam
500 3142 570 3198 tum
584 3132 656 3198 fieri
671 3131 779 3218 potuit
794 3139 827 3196 61
841 3137 987 3195 statuere
1001 3128 1078 3198 licet
1094 3140 1126 3196 61
1141 3127 1338 3216 intellegere.
1369 3129 1434 3195 Ita-

289 3259 350 3324 que
364 3238 433 3302 iam
447 3237 508 3300 hoc
522 3234 729 3323 potissimum
744 3233 927 3319 flagitatur,
953 3240 990 3298 ut
1008 3231 1155 3320 reliquiis
1176 3232 1257 3318 legis
1274 3231 1431 3316 collectis,

288 3340 424 3404 resectis
440 3338 590 3404 omnibus
606 3359 691 3424 quae
702 3338 794 3403 oneri
806 3345 838 3401 61
850 3337 982 3400 ornatui
990 3336 1095 3422 magis
1110 3336 1175 3402 sint
1188 3358 1287 3423 quam
1298 3335 1433 3420 fructui,

288 3441 427 3508 fontium
452 3441 593 3528 primum
618 3449 651 3504 61
676 3438 741 3503 fide
767 3447 801 3504 et
829 3438 988 3504 memoria
1017 3439 1201 3504 accuratius
1233 3441 1433 3523 examinata,

289 3543 407 3610 deinde
422 3543 503 3610 locis
518 3544 604 3608 inter
619 3565 655 3606 se
671 3539 798 3606 collatis
814 3541 1125 3629 quaestionibusque
1140 3540 1308 3608 hominum
1326 3541 1434 3607 docto·

289 3669 360 3711 rum
375 3657 447 3712 tum
466 3646 613 3733 priorum
634 3654 705 3710 tum
724 3643 943 3733 recentiorum
964 3644 1136 3728 adhibitis,
1163 3642 1280 3731 ecquid
1300 3643 1433 3708 tandem

289 3749 369 3815 certi
384 3748 484 3814 statui
499 3749 606 3835 possit
621 3757 654 3813 61
667 3769 835 3835 quousque
850 3746 949 3812 liceat
963 3737 1081 3833 pedem
1102 3755 1172 3811 tuto
1193 3746 1357 3832 proferre,
1378 3769 1433 3810 ex-

289 3849 443 3939 ploretur.
473 3849 529 3916 Ad
548 3872 632 3937 quae
652 3872 712 3937 pro
732 3851 813 3915 meis
833 3849 962 3917 viribus
984 3845 1184 3934 praestanda
1204 3848 1357 3935 deinceps
1382 3871 1433 3915 ac·
1461 3841 1464 3847 ’

290 3952 414 4020 cedam.

290 4213 404 4264 ‘Nullus
424 4214 532 4277 estqui
550 4211 584 4263 de
601 4211 711 4278 legibus
729 4211 960 4265 XIItabularmn
978 4209 1129 4275 quidquam
1146 4208 1244 4260 1166616
1268 4225 1311 4260 me
1334 4211 1433 4275 possit,

165 4298 166 4317 ³
290 4314 323 4348 ne
342 4297 473 4350 Guiacius
492 4298 614 4363 quidem,
633 4299 681 4363 qui
698 4314 753 4349 non
770 4297 942 4349 inficiabitur
960 4312 1003 4348 me
1020 4295 1065 4345 illi
1082 4294 1168 4344 multa
1186 4293 1219 4344 116
1237 4293 1272 4344 116
1291 4294 1432 4346 indicasse

165 4386 166 4451 ᾗ
291 4384 515 4466 quae'haetenus
534 4398 595 4434 eum
612 4383 776 4435 latuerant’
800 4383 837 4434 cf.
850 4381 1020 4446 Bernaysius
1039 4381 1076 4430 Ἰ.
1091 4381 1112 4433 Ι.
1127 4379 1267 4444 Scaligor’
1286 4397 1313 4445 p.
1330 4381 1378 4430 144
1391 4395 1432 4444 aq.
1539 4440 1541 4444 .
