3709 5634
411 622 453 685 56
834 594 947 679 onrvr
969 629 1135 678 ruarrvrr.

412 795 536 855 ‘eredo’
564 796 690 853 mutato
717 788 805 873 (oum
830 784 1003 870 Madvigio
1027 783 1167 849 Emend.
1197 786 1233 849 in
1258 785 1424 850 Ciceronis
1453 784 1557 853 libros

413 892 531 979 philos.
547 912 580 977 p.
597 891 636 954 81
654 910 702 975 sq.
732 889 855 975 Opuso.
871 886 1000 972 11201)
1021 896 1127 955 totum
1147 887 1331 953 membrum
1352 888 1559 976 transposuit

352 998 354 1001 ’
413 1003 490 1082 post
503 994 607 1059 verba
621 990 703 1075 legis
721 995 852 1053 ‘tumtur'
870 1000 984 1054 mortuo
1003 1010 1041 1053 ue
1055 1010 1121 1054 essu
1136 996 1223 1069 lenito
1238 1010 1295 1069 quo
1309 1000 1379 1071 poet
1389 993 1488 1067 sunus
1499 994 1558 1068 su-

414 1104 509 1161 etut':
539 1115 676 1181 quorum
700 1092 906 1179 aptissimam
936 1090 1185 1180 explicationem
1211 1092 1409 1158 contineant.
1448 1094 1559 1179 Atque

414 1197 501 1262 idem
517 1193 716 1281 persuadent
731 1194 889 1261 librorum
904 1194 1062 1279 vestigia:
1079 1216 1156 1260 nam
1170 1204 1456 1282 -praeterquam
1472 1196 1561 1283 quod

415 1302 481 1365 iam
507 1296 734 1385 supplemento
758 1298 847 1363 omni
872 1318 984 1362 carere
1008 1296 1085 1362 lieet
1109 1334 1144 1343 —
1169 1301 1221 1360 ‘iu
1245 1304 1388 1377 quoque',
1415 1320 1475 1383 pro
1496 1289 1560 1385 qud

416 1402 661 1467 Sehoemannus
688 1396 794 1465 voluit
825 1404 958 1479 ‘Mouet
984 1399 1020 1463 in
1044 1399 1262 1464 Leidensibus
1295 1399 1337 1465 ab
1369 1397 1476 1466 altera
1507 1400 1561 1465 de·

416 1525 505 1567 mum
531 1524 629 1566 manu
655 1510 722 1585 est,
757 1524 831 1567 eum
857 1503 948 1588 prior
979 1502 1015 1565 in
1041 1503 1073 1566 A
1098 1501 1379 1588 praestantissimo
1406 1502 1563 1569 exhibeat

416 1612 462 1671 ‘td
475 1609 581 1685 quou',
602 1604 637 1667 in
652 1603 680 1667 Β
703 1612 736 1669 et
750 1604 783 1668 H
799 1607 851 1669 ‘td
869 1608 1021 1683 quodque'
1030 1628 1042 1677 ,·
1062 1612 1099 1669 ut
1119 1603 1182 1671 boo
1198 1614 1330 1672 servato
1345 1604 1393 1670 ita
1407 1606 1500 1671 loeus
1515 1628 1563 1671 re·

417 1708 589 1793 fingendus
601 1706 659 1771 sit:
669 1710 795 1771 *Cetera
810 1713 877 1771 r'tem
889 1710 1035 1783 funebria
1049 1710 1264 1785 quittamus
1278 1711 1486 1787 eupeturXII
1492 1730 1563 1773 sus-

416 1819 564 1877 tulerunt:
579 1812 753 1872 “Homini''
769 1814 879 1889 iuquit,
897 1813 1042 1873 “mutuo
1056 1815 1292 1888 mortaleque,
1313 1830 1371 1889 quo
1382 1822 1451 1890 post
1466 1814 1564 1888 surus

415 1918 559 1991 furiet'';
574 1914 680 1991 eredo,
696 1914 778 1988 quod
796 1920 864 1975 erut
880 1914 1070 1993 sortiturum,
1086 1922 1119 1975 ut
1132 1918 1186 1976 uru'
1199 1919 1295 1995 plura
1312 1920 1421 1989 fierent
1439 1919 1565 1992 tertioue

418 2024 522 2096 plures
537 2023 757 2085 sternerentum
772 2016 806 2075 ἑά
819 2018 900 2092 quod
912 2034 950 2077 ue
960 2020 1054 2093 fieret,
1070 2020 1135 2093 leue
1145 2027 1281 2079 sanemur
1291 2025 1344 2079 eet.
1366 2018 1492 2095 Excepit
1501 2020 1564 2081 bel·
1606 2038 1610 2043 ·

415 2126 505 2183 licem
520 2122 770 2197 pereqrr'uumque
783 2123 978 2179 mortem.’—-
989 2118 1036 2183 At
1050 2138 1127 2181 eum
1140 2116 1230 2182 idem
1240 2116 1484 2184 Schoemannus
1499 2118 1565 2204 legi

417 2244 457 2285 ne
479 2218 559 2305 quid
579 2218 739 2303 eripuisse
759 2217 946 2300 videretur,
973 2240 1095 2285 novum
1114 2220 1337 2305 fragmentum
1356 2220 1504 2287 reddidit
1524 2244 1566 2287 ex

419 2346 447 2387 o.
463 2321 506 2386 25
525 2325 545 2403 ξ
565 2321 607 2385 62
628 2324 766 2385 ‘Nostrae
785 2324 903 2400 quidem
924 2328 999 2399 leuis
1023 2328 1199 2403 interpretes
1223 2343 1280 2402 quo
1304 2330 1403 2405 cupite
1428 2328 1566 2389 iubeatur

418 2420 584 2504 sremptus
598 2429 784 2489 ellectum
799 2443 1022 2489 removeree
1037 2430 1197 2492 Deorum
1212 2430 1377 2491 Mantum
1397 2432 1495 2509 iure,
1511 2430 1566 2491 boe

419 2533 592 2604 tutellequnt
611 2532 643 2590 tu
658 2532 768 2605 prame
787 2533 993 2607 sepulcrorum
1007 2535 1258 2608 mueutfieeutr'em
1277 2550 1340 2593 esse
1353 2533 1563 2593 minuendum’

324 2629 327 2635 ’
419 2670 461 2680 -
476 2651 561 2717 quae
577 2627 658 2694 dicit
672 2628 742 2693 fere
759 2629 881 2694 eisdem
896 2631 1007 2698 verbis
1022 2632 1206 2718 perscripta
1219 2631 1442 2715 singularibus
1459 2630 1502 2695 de
1516 2632 1565 2695 fn·

419 2754 496 2798 nere
522 2731 706 2818 praeceptis
731 2732 913 2818 praemissa
932 2732 1050 2797 fuisset
1076 2732 1117 2799 de
1138 2756 1176 2800 eo
1197 2756 1331 2820 prorsus
1352 2754 1426 2797 eum
1446 2731 1567 2799 fefellit

420 2836 540 2923 opinio.
564 2834 606 2899 In
619 2832 713 2899 libris
730 2836 816 2901 enim
832 2845 882 2901 est
895 2840 1102 2914 terrueruut,
1113 2836 1201 2923 quod
1216 2836 1312 2901 unice
1326 2834 1460 2923 probari
1472 2834 1565 2900 Mad-

420 2938 529 3023 vigius
543 2935 710 3003 intellexit
725 2937 847 3025 Opuso.
863 2938 900 3002 II
917 2938 988 3004 159.
1017 2937 1185 3008 Nimirum>
1198 2945 1328 3003 ‘nostra
1347 2936 1418 3003 lex’
1435 2946 1567 3003 nonest

421 3040 492 3105 XII
513 3039 717 3123 tabularum,
745 3042 801 3105 sed
827 3040 937 3127 ipsius,
953 3040 1121 3106 Oieeronis
1147 3062 1246 3128 quem
1271 3040 1443 3128 proposuit
1467 3041 1504 3121 9,
1525 3039 1567 3104 22
1689 3087 1690 3136 l

422 3148 568 3208 ‘Deorum
586 3146 720 3206 Meuium
741 3148 810 3207 iure
824 3154 931 3208 sanctu
948 3152 1042 3207 sautu
1072 3164 1120 3209 ros
1137 3151 1194 3209 leto
1215 3148 1302 3208 detor
1322 3148 1405 3208 dives
1424 3147 1567 3209 tubeae.-

422 3256 569 3325 sumptum
584 3252 615 3309 r'u
631 3252 703 3311 ellos
716 3252 870 3325 luctusque
883 3251 1058 3311 mtuuuuto?

507 3346 631 3412 Contra
655 3347 690 3411 in
716 3347 763 3411 eis
787 3370 871 3434 quae
892 3348 1091 3414 antecedunt
1111 3348 1153 3414 23
1176 3349 1255 3432 §59
1275 3353 1456 3414 ‘extenuato
1476 3355 1567 3428 turtur

422 3459 540 3529 surrupta
559 3454 652 3514 tuem
671 3454 792 3513 recretis
810 3462 841 3515 et
858 3456 962 3516 uincla
977 3451 1022 3539 (i)
1043 3472 1202 3532 purpurae
1225 3462 1255 3516 et
1276 3457 1376 3517 decem
1402 3456 1569 3515 tibteuribus

424 3556 497 3615 tollit
510 3558 600 3617 etium
611 3558 860 3617 lamentationem'
872 3553 1016 3640 iniquius
1027 3562 1108 3640 puto
1116 3553 1455 3642 Halmiumseorrupta
1465 3556 1569 3621 verba

318 3778 321 3789 ’
425 3756 564 3825 dieasse.
588 3757 685 3823 Talia
699 3760 785 3823 enim
800 3758 991 3846 interpolari
1005 3781 1071 3825 non
1086 3756 1202 3841 solent,
1219 3768 1252 3825 et
1267 3761 1399 3826 omuino
1414 3772 1569 3851 corrupta
1688 3733 1689 3792 l

423 3859 602 3948 proclivius
629 3870 680 3926 est
707 3862 824 3927 eiicere
851 3884 950 3949 quam
975 3861 1159 3927 emendare.
1193 3862 1233 3926 In
1259 3862 1331 3927 XII
1355 3872 1465 3929 autem
1491 3866 1569 3952 quin

423 3985 540 4049 reapse
561 3963 602 4027 de
623 3963 673 4028 his
695 3974 827 4031 cautum
848 3964 967 4046 fuerit,
994 3962 1131 4030 dubium
1150 3986 1216 4030 non
1238 3975 1289 4031 est
1309 3988 1400 4037 ene.
1422 3967 1465 4032 25
1485 3972 1506 4051 ἓ
1527 3968 1568 4033 64

424 4070 512 4129 ‘uum
528 4071 566 4130 de
580 4070 673 4130 tritus
692 4073 814 4131 resiniis
834 4077 863 4131 et
877 4074 1027 4147 pleraque
1040 4073 1095 4132 illu
1109 4070 1225 4132 Solonis
1238 4072 1322 4131 suut'
1338 4076 1402 4134 eto.
1418 4077 1453 4134 et
1466 4070 1567 4136 Festo
1662 4059 1670 4078 ’

423 4190 455 4254 p.
464 4168 528 4233 274
536 4190 606 4256 sqq.
619 4173 790 4235 ‘Beciur'um
800 4188 885 4234 omue
896 4174 1096 4236 redimentem
1106 4174 1289 4251 quadrarum
1303 4177 1333 4236 a·
1344 4176 1409 4250 qui
1416 4175 1451 4235 X
1453 4176 1476 4236 I
1478 4177 1500 4236 I
1511 4180 1568 4237 r‘n-
1687 4221 1688 4264 ;

425 4278 635 4349 terpretute'
647 4284 731 4335 suut
743 4293 806 4336 esse
820 4277 966 4337 dixerunt
979 4278 1025 4336 or‘r
1039 4284 1109 4353 roeo
1121 4274 1267 4360 (Verrius
1279 4284 1377 4353 torum
1391 4274 1568 4361 quuLips.)

424 4378 564 4435 mutieres
579 4379 736 4438 uerebantur
751 4385 995 4454 praetentam
1014 4383 1122 4441 cleve
1140 4382 1355 4458 purpureo!
1388 4377 1440 4442 De
1456 4376 1569 4442 decem

425 4472 615 4540 tibieinibus
643 4477 685 4542 of.
713 4476 854 4544 Ovidius
880 4479 972 4543 Fast
993 4478 1044 4544 VI
1063 4478 1136 4547 657.
1165 4479 1235 4545 Neo
1261 4479 1460 4547 sententiam
1484 4478 1567 4564 legis

425 4584 513 4641 rente
528 4579 617 4664 oepit
629 4578 798 4662 Halmius,
814 4602 888 4645 eum
902 4580 1028 4647 diceret
1042 4591 1213 4647 ‘euuuuuto
1233 4592 1352 4662 sumptu
1371 4585 1464 4645 tribues
1483 4586 1567 4646 reei-

426 4685 499 4743 ur'e‘s'
515 4702 556 4745 ne
571 4679 709 4746 latinum
723 4682 858 4769 quidem
874 4706 947 4750 esse
961 4706 1021 4770 pro
1037 4690 1115 4750 ‘eat
1130 4706 1154 4749 s.
1170 4689 1259 4750 mum
1272 4690 1490 4749 rectatorum’:
1511 4704 1573 4771 ap,
