3709 5634
654 1550 826 1627 OAPVT
852 1549 1064 1627 PRIMVM.

281 1752 288 1761 ’
369 1774 446 1868 ur
480 1773 730 1869 overrun
763 1772 1067 1868 rnvsruvn
1100 1713 1329 1870 niuosa,

371 2029 445 2094 Lex
465 2027 639 2093 duodecim
665 2027 852 2094 tabularum
876 2051 897 2092 a
918 2027 1115 2095 decemviris
1136 2052 1167 2095 a.
1186 2051 1220 2094 u.
1242 2027 1381 2094 000111
1401 2037 1435 2093 et

284 2128 422 2196 ccclv
441 2129 590 2212 condita,
612 2152 642 2194 a.
659 2129 775 2196 COOV
795 2130 835 2194 L.
850 2130 986 2196 Valerio
1007 2131 1053 2196 M.
1074 2130 1214 2198 Horatio
1236 2152 1302 2196 eos.
1324 2131 1358 2194 in
1379 2151 1434 2194 aes

284 2232 394 2298 ineisa
410 2230 543 2318 publice
563 2233 732 2319 proposita
751 2242 802 2298 est
821 2232 953 2318 (Livius
969 2234 1022 2298 III
1040 2235 1092 2314 57,
1110 2234 1159 2298 10.
1181 2232 1350 2298 Diodorus
1365 2231 1437 2296 XII

284 2335 356 2419 26).
394 2332 461 2398 Sed
482 2342 558 2420 post
577 2356 680 2400 annos
701 2335 876 2420 sexaginta
904 2343 1001 2422 capta
1022 2357 1043 2400 a
1063 2334 1170 2401 Gallis
1195 2335 1278 2400 urbe
1303 2333 1436 2400 tabulae

286 2457 412 2501 aeneae
428 2435 499 2502 sive
513 2435 665 2502 incendio
680 2436 875 2523 absumptae
890 2436 962 2508 sive
973 2437 1060 2504 inter
1074 2437 1232 2524 praedam
1247 2443 1436 2522 asportatae

284 2539 501 2604 interierunt:
528 2560 633 2624 neque
655 2539 741 2604 enim
762 2537 829 2604 alia
853 2539 919 2604 diei
940 2547 1050 2626 potest
1071 2538 1160 2605 Livii
1181 2560 1254 2604 esse
1274 2537 1438 2602 sententia

286 2639 352 2705 etsi
373 2640 461 2706 iusto
477 2661 518 2704 ea
532 2641 667 2706 brevius
684 2662 842 2728 expressa
855 2641 967 2707 verbis
982 2641 1072 2707 hisee
1088 2640 1138 2705 VI
1154 2642 1184 2723 1,
1200 2640 1220 2704 9
1235 2661 1284 2724 sq.
1306 2643 1362 2704 ‘Hi
1376 2638 1437 2722 (so.

287 2741 416 2807 tribuni
430 2740 619 2808 consulares
635 2750 830 2831 recuperata
845 2743 928 2809 urbe
944 2743 1060 2828 creati)
1153 2749 1238 2807 natta
1253 2747 1291 2806 de
1305 2762 1339 2805 re
1347 2746 1439 2820 prins

290 2865 382 2924 qaam
399 2848 437 2908 de
451 2847 645 2922 relipionr'bar
658 2858 794 2910 renatam
808 2852 992 2910 consuluere.
1022 2849 1061 2909 In
1074 2851 1181 2924 primis
1192 2848 1324 2921 foedera
1338 2863 1376 2907 ae
1390 2849 1438 2907 te-

286 2968 342 3026 pea
360 2984 396 2994 —
414 2956 504 3011 erant
517 2957 616 3010 antem
636 2967 691 3012 eae
711 2952 868 3012 duodecim
888 2949 1056 3011 tabatae⁸et
1074 2950 1222 3026 quaedam
1237 2951 1340 3023 repiae
1359 2951 1439 3022 repes

291 3087 331 3097 -
347 3054 486 3128 conquiri
499 3070 576 3127 qaae
589 3061 791 3130 conpararent
804 3054 976 3114 iusserant?
987 3047 1012 3134 ¹)
1029 3047 1071 3114 of.
1087 3051 1107 3130 ξ
1122 3048 1152 3113 2.
1180 3045 1342 3112 Nimirum
1356 3045 1438 3132 ipsis

289 3149 414 3216 tabulis
428 3139 618 3237 'deperditis
639 3152 789 3239 exempla
808 3151 863 3215 hio
883 3150 951 3216 illie
977 3160 1110 3217 servata
1135 3147 1320 3234 colligenda
1347 3169 1439 3212 oura-

290 3261 382 3334 runt,
403 3251 522 3339 quibus
544 3251 588 3316 ad
606 3252 869 3340 pervulgandam
888 3252 997 3338 legem
1019 3261 1199 3318 uterentur.
1234 3249 1338 3337 Atqui
1363 3248 1441 3314 hino

290 3377 357 3420 non
373 3353 521 3440 sequitur
536 3354 624 3441 quod
639 3356 738 3441 vulgo
754 3355 908 3441 occupari
922 3355 1020 3422 video
1042 3375 1161 3420 aeneas
1183 3353 1289 3419 denuo
1309 3351 1440 3417 refiotas
1506 3419 1508 3426 Α

293 3478 366 3521 esse
380 3454 452 3519 XII
467 3455 613 3522 tabulas:
635 3457 671 3521 id
691 3457 781 3544 quod
801 3479 862 3523 neo
881 3457 985 3524 tradit
998 3457 1113 3522 Livius
1134 3477 1195 3522 nae
1210 3455 1351 3521 sensisse
1366 3475 1441 3520 eum

294 3557 405 3643 arguit
419 3556 531 3622 iuncta
546 3579 619 3622 eum
633 3558 705 3624 XII
719 3558 839 3627 tabulis
854 3559 966 3646 legum
986 3560 1149 3645 regiarum
1171 3558 1305 3624 mentio.
1334 3558 1441 3623 Immo

294 3659 385 3747 quod
405 3658 519 3724 statim
539 3658 633 3725 addit
654 3665 729 3726 ‘alia
750 3683 791 3727 ex
812 3669 855 3727 eis
877 3667 983 3727 edita
1003 3668 1115 3726 etiarn
1135 3667 1175 3725 tn
1198 3667 1344 3740 natans:
1365 3679 1443 3739 qaae

295 3775 394 3826 uatem
408 3766 451 3825 ad
464 3782 556 3826 saera
565 3767 771 3842 pertinebant,
788 3784 808 3827 a
819 3768 1008 3844 pontificiae
1021 3769 1169 3839 maxime,
1184 3771 1217 3826 at
1230 3767 1373 3840 relipione
1387 3765 1442 3824 ab·

295 3869 410 3928 strictos
421 3868 566 3928 haberant
574 3870 769 3930 multitudines
782 3871 905 3946 animos,
918 3870 1092 3945 suppressa'
1107 3901 1151 3911 -
1164 3863 1283 3950 quibus
1296 3862 1443 3948 apprime

297 3966 451 4031 convenit
465 3965 554 4053 quod
565 3965 678 4032 Oioero
693 3966 736 4031 ad
748 3969 819 4032 An.
830 3966 882 4032 VI
896 3969 925 4050 1,
938 3967 957 4032 8
974 3988 1016 4031 ex
1031 3963 1203 4030 annalistis
1219 3965 1322 4030 refert
1337 3962 1443 4029 occul-

297 4076 400 4134 tatam
415 4067 517 4133 fuisse
534 4068 677 4156 quodam
692 4077 839 4158 tempore
855 4091 928 4135 eam
943 4067 1091 4134 tabulam
1111 4089 1196 4155 quae
1216 4067 1322 4132 fastos
1344 4065 1443 4130 eonti-

183 4182 184 4189 ’
299 4179 390 4236 neret
403 4193 425 4236 a
439 4169 500 4236 Cn.
513 4168 631 4237 Flavio
646 4180 761 4257 postea
774 4172 921 4260 prolatos
933 4171 976 4258 ²):
994 4172 1041 4264 eis
1057 4170 1202 4236 maximo
1218 4167 1259 4234 de
1273 4165 1444 4254 publicata

366 4393 387 4461 ¹)
405 4395 479 4447 Hine
498 4399 590 4446 autem
608 4410 661 4461 quo
679 4396 739 4446 iure
758 4397 843 4447 etiam
856 4396 1024 4448 eontrarium
1038 4395 1111 4447 effici
1123 4408 1204 4460 posse
1216 4396 1323 4445 statuat
1333 4390 1445 4444 Puohta

188 4558 190 4567 ἱ
299 4478 455 4541 lustit15
473 4482 506 4531 tt
523 4496 550 4546 p.
569 4481 631 4542 192,
650 4495 705 4532 non
722 4480 812 4536 video.

366 4563 388 4630 ἵ)
406 4565 468 4616 Non
486 4569 528 4615 est
545 4565 632 4631 igitur
650 4579 699 4616 our
716 4564 751 4616 ad
769 4566 862 4632 regias
880 4569 987 4616 tantum
1010 4565 1089 4631 leges
1107 4563 1182 4616 Livii
1204 4563 1291 4616 verba
1314 4576 1374 4612 oum
1397 4575 1445 4611 no-

301 4647 412 4701 vissimo
431 4649 537 4700 editore
555 4650 671 4702 referas.
705 4651 747 4701 Ne
766 4667 800 4701 ex
819 4649 962 4702 Ciceronis
987 4645 1096 4716 quidem
1119 4650 1181 4701 loeo
1205 4648 1280 4700 aliud
1298 4646 1446 4712 quidquam

191 4768 192 4795 p
302 4734 450 4786 concludas
468 4736 523 4786 nisi
541 4736 570 4785 iu
588 4735 721 4802 exemplis
740 4736 822 4786 editis
839 4737 954 4803 primum
976 4735 1102 4787 consulto
1120 4736 1234 4786 omissos
1252 4734 1338 4784 fuisse
1356 4733 1446 4782 fastos
1503 4761 1504 4766 =

352 4825 473 4877 Serota,
495 4826 560 4878 rega
573 4825 613 4868 xu
627 4828 672 4869 rau.
687 4826 749 4880 renq.
791 4824 793 4827 ·
1226 4819 1242 4884 1
