3709 5634
428 683 476 730 DE
498 680 692 731 venusinus
715 681 768 729 XII
790 680 1003 732 Tluvnsuvu
1026 683 1315 733 lNTERPRETlBVS·
1400 667 1443 738 35

294 850 395 926 atque
410 837 618 923 grammatici
633 837 744 904 officia
759 837 794 900 in
808 836 899 902 nulla
913 861 948 902 re
960 839 1068 924 aptius
1079 861 1178 925 quam
1189 839 1223 902 in
1235 837 1443 904 enarratione

294 941 451 1028 antiquae
466 941 549 1026 legis
565 940 712 1005 exerceri
725 939 883 1026 potuisse.
1058 1021 1063 1026 ᾖ

381 1044 532 1130 Denique
556 1045 642 1109 inter
669 1041 814 1108 ciusdem
840 1044 958 1108 aetatis
984 1043 1158 1130 scriptores
1180 1043 1226 1108 M.
1247 1041 1444 1108 Messalla

294 1168 426 1233 qnoque
448 1167 554 1232 augur
576 1142 657 1229 (cos.
672 1143 795 1210 10001
816 1144 859 1209 cf.
875 1145 1024 1211 Maerob.
1040 1143 1109 1210 Sat.
1126 1146 1143 1210 I
1159 1145 1195 1226 9,
1219 1144 1290 1230 14),
1312 1167 1330 1209 c
1352 1145 1444 1208 cuius

295 1247 340 1312 de
362 1248 518 1333 auspiciis
540 1246 635 1314 libris
656 1247 819 1334 quaedam
839 1245 966 1313 Gellius
988 1248 1164 1334 exscripsit
1184 1247 1275 1312 XIII
1297 1246 1443 1328 lar-16,

294 1349 455 1436 cuiusque
470 1358 562 1414 extat
581 1372 623 1414 ex
637 1348 850 1436 mythologici
870 1351 1055 1435 argumenti
1076 1349 1198 1437 scripto
1211 1351 1237 1437 ¹)
1261 1349 1384 1414 dietum
1405 1347 1445 1410 dc

296 1451 372 1516 Iani
391 1451 427 1517 vi
446 1460 623 1516 sanatura
638 1473 689 1538 ap.
704 1451 853 1518 Macrob.
870 1451 892 1517 l.
914 1474 941 1516 c.
962 1453 1019 1538 (cf.
1038 1453 1137 1517 etiam
1152 1452 1252 1516 Laur.
1270 1449 1386 1537 Lydus
1406 1449 1445 1513 de

295 1576 402 1619 mens.
412 1553 463 1618 IV
475 1555 507 1639 1)
523 1591 566 1601 -
580 1553 652 1619 XII
665 1555 900 1641 interpretatus
916 1577 988 1619 esse
1004 1554 1149 1621 creditur
1164 1553 1321 1620 adhibitis
1337 1552 1444 1617 tribus

294 1656 391 1721 Festi
405 1654 484 1722 loeis
499 1656 546 1720 ita
560 1656 661 1741 vulgo
677 1656 851 1744 suppletis:

384 1781 416 1845 p.
431 1759 494 1824 253
510 1783 543 1823 v.
563 1764 722 1839 (pecunia)
736 1809 742 1822 .
758 1807 807 1822 ...
828 1763 928 1836 (Idem
944 1769 1061 1841 tamen)¹
1072 1752 1104 1823 in
1124 1765 1225 1824 endem
1240 1765 1315 1824 libro
1327 1806 1443 1823 ......

296 1867 318 1940 (
316 1869 407 1925 lucar
421 1882 440 1924 a
455 1868 534 1941 luce)
544 1859 572 1944 ²)
588 1866 650 1925 clici
662 1867 813 1926 existimat
827 1867 928 1939 (euius
941 1867 1087 1942 opinionis
1106 1873 1149 1927 est
1162 1873 1190 1926 et
1213 1867 1350 1925 Valerius
1364 1863 1444 1938 Mes)

295 1968 378 2026 salla
392 1969 423 2026 in
437 1967 667 2041 esplana(tione
681 1968 753 2027 XII
763 1968 854 2044 tam).

384 2088 417 2152 p.
438 2065 499 2130 321
521 2089 555 2129 v.
578 2071 712 2142 (sanates
728 2115 735 2128 .
753 2115 761 2130 .
779 2114 809 2128 ..
846 2071 891 2131 Me
919 2073 1056 2132 Valerius
1078 2071 1210 2146 (quidem
1231 2071 1390 2146 Messalla)
1414 2071 1445 2129 in

294 2171 371 2231 XII
381 2173 609 2248 explanatimne
623 2189 687 2232 rem
701 2174 860 2248 expedivit.
897 2174 947 2234 liic
970 2178 1082 2250 ta)men
1102 2177 1134 2234 in
1154 2190 1188 2234 eo
1202 2175 1277 2234 libro
1292 2175 1392 2248 quiem
1408 2172 1446 2231 de

294 2277 386 2335 (lictis
405 2276 548 2352 inmolata
568 2275 702 2334 inscribit
720 2273 852 2349 sanetos
876 2279 1063 2353 sanatisque)
1085 2277 1162 2336 uuas
1179 2283 1281 2350 pentes
1302 2277 1446 2348 finitimas

295 2377 410 2451 (fuisse
434 2383 547 2449 censet,
580 2368 747 2451 dequibus
772 2381 879 2454 lamam
909 2379 989 2438 nnnc
1013 2381 1174 2455 sompnum
1198 2395 1343 2452 essequa
1368 2395 1445 2438 cnu-

294 2485 388 2557 tu)m‚
407 2486 440 2539 ut
454 2480 487 2538 iul
500 2483 547 2539 ius
560 2480 722 2554 mnnlcipii
734 2483 862 2556 nexique
873 2478 900 2562 3)
917 2483 998 2557 quod
1007 2485 1151 2558 populus)
1167 2482 1205 2542 B.
1221 2481 1375 2542 luberent.
1510 2483 1511 2486 ’

378 2601 416 2665 p.
428 2578 492 2643 355
502 2602 534 2643 v.
555 2580 704 2659 Iupania
721 2628 727 2642 .
744 2629 751 2642 .
770 2629 776 2642 .
793 2600 852 2658 quo
866 2584 1157 2656 nomine.(Messalln
1172 2587 1203 2643 in
1217 2585 1446 2659 explann)tione

294 2685 372 2746 XII
384 2688 427 2746 aii
441 2687 529 2745 etiam
546 2686 561 2758 (
559 2729 741 2745 ........
757 2687 947 2762 sipmfimari.

385 2785 456 2849 Iam
469 2783 556 2848 hunc
570 2783 722 2849 ultimum
743 2782 852 2849 locum
867 2782 992 2848 nullam
1014 2785 1143 2851 omnino
1159 2787 1227 2851 vim
1245 2786 1368 2852 habere
1389 2809 1445 2873 pa·
1523 2819 1525 2822 ·

295 2895 356 2952 tet.
374 2885 441 2951 Sed
455 2886 490 2949 in
504 2885 569 2950 illis
585 2909 714 2972 quoque
730 2885 857 2952 duobus
871 2885 907 2949 id
921 2887 1030 2972 ipsum
1045 2887 1222 2974 requiritur
1238 2910 1300 2975 quo
1316 2888 1359 2952 ad
1373 2911 1444 2976 per-

296 2988 504 3053 suadendum
524 2988 667 3052 maxime
688 3009 769 3074 opus
794 2989 847 3053 sit.
878 2990 919 3054 In
939 2990 1048 3078 priore
1071 2991 1157 3054 enim
1171 2988 1266 3072 libri,
1288 2991 1322 3054 in
1343 2990 1444 3056 altero
1471 3044 1474 3052 .

295 3091 441 3156 auctoris
463 3113 582 3155 nornen
601 3091 762 3155 incertum
785 3100 846 3155 est.
876 3094 986 3179 Atque
1005 3093 1115 3178 priore
1132 3096 1213 3158 ‘XII
1230 3097 1302 3156 tab?
1324 3093 1446 3156 iniuria

296 3192 445 3279 suppleri
459 3215 513 3256 res
527 3193 601 3279 ipsa
616 3214 699 3279 quae
715 3193 897 3279 explicatur
917 3194 1034 3260 docere
1055 3204 1185 3281 poterat
1206 3217 1226 3258 a
1245 3193 1326 3281 legis
1349 3216 1445 3280 argu·

295 3305 410 3361 mento
425 3296 653 3361 remotissima.
685 3295 789 3361 Immo
803 3335 847 3346 —-
861 3297 949 3382 quod
964 3319 1023 3383 per
1042 3297 1185 3383 spatium
1205 3320 1270 3362 non
1285 3297 1393 3362 minus
1408 3295 1444 3360 li-

297 3407 353 3462 eet
366 3437 409 3446 —
424 3403 468 3462 ‘in
489 3404 702 3477 explanatione
722 3383 986 3486 nupuriorum'
1006 3399 1244 3466 restituendum
1261 3399 1324 3464 fuit
1338 3421 1445 3464 exem-

296 3499 355 3587 plo
371 3498 434 3564 loci
448 3522 481 3586 p.
501 3500 560 3565 161
582 3504 767 3580 ‘Marspedis
786 3507 846 3565 siue
866 3507 967 3567 siner
987 3508 1087 3566 littera
1103 3507 1258 3582 Maspents
1278 3509 1310 3566 in
1327 3523 1445 3582 preca-

299 3609 379 3668 tione
394 3609 601 3667 solitaurilium
616 3607 691 3683 quid
702 3609 858 3681 sipuilinet.
874 3625 912 3668 ne
927 3608 1060 3668 Messala
1076 3610 1193 3683 qnidam
1214 3625 1314 3683 nupur
1329 3611 1360 3668 iu
1375 3626 1443 3668 en-

291 3711 527 3786 planntione
550 3713 796 3784 aupuriorum
823 3713 960 3786 reperire
985 3728 1016 3770 se
1037 3714 1168 3786 poluisse
1193 3711 1258 3770 nit?
1294 3705 1356 3772 Oui
1381 3727 1446 3770 non

297 3811 375 3889 leve
390 3807 624 3871 adminiculum
638 3807 765 3873 accedit
779 3807 965 3892 glossarum
979 3807 1112 3873 vicinia:
1136 3829 1212 3872 nam
1232 3807 1327 3874 brevi
1347 3807 1445 3872 inter·

295 3909 389 3975 vallo
419 3908 485 3973 alia
514 3919 692 3996 sequuntur
720 3910 761 3975 de
792 3911 864 3975 iure
892 3933 1055 3995 augurum
1083 3909 1133 3994 (v.
1162 3915 1340 3989 pereprinus
1371 3929 1446 3987 aper

295 4011 444 4099 Muell.);
467 4033 527 4075 nec
547 4012 651 4096 magis
668 4011 783 4078 dubito
799 4011 887 4100 quod
905 4012 955 4076 his
971 4011 1119 4099 proxime
1139 4011 1304 4077 antecedit
1318 4017 1446 4091 ‘purime

297 4121 425 4178 tetinero
440 4118 550 4178 dietum
564 4127 607 4178 est
618 4134 677 4195 pro
691 4122 851 4196 purissime
872 4124 1009 4180 tenuern'
1034 4113 1090 4199 (cf.
1105 4111 1242 4200 Paulus)
1264 4113 1369 4178 eidem
1389 4111 1444 4176 ad·

370 4323 391 4388 ¹)
409 4324 463 4375 Vix
481 4323 554 4374 enirn
571 4323 598 4373 h.
618 4323 636 4374 l.
655 4323 689 4374 de
708 4322 812 4374 eisdem
829 4324 1016 4389 auspiciorum
1039 4323 1118 4374 libris
1142 4321 1266 4387 cogitare
1284 4320 1366 4370 licet:
1390 4333 1446 4384 qua

296 4406 335 4460 de
352 4425 384 4460 re
402 4409 513 4459 dubitat
528 4407 680 4458 Merkclius
699 4408 735 4458 ad
753 4407 833 4460 ovid.
852 4409 931 4459 Fast.
950 4425 977 4474 p.
996 4407 1121 4460 XCVIII.
1450 4406 1453 4414 '

369 4493 392 4560 ²)
410 4497 494 4545 ‘luem
511 4496 694 4559 ausquelles
712 4495 775 4544 lucis
792 4496 921 4558 capiatur’
940 4493 1031 4559 suppl.
1044 4491 1204 4542 Huschkius
1222 4493 1276 4542 Iur.
1296 4495 1352 4544 ant.
1372 4505 1398 4555 p.
1411 4489 1445 4540 38

295 4585 415 4632 secutus
438 4578 555 4630 Paulum
572 4581 640 4629 Exn.
664 4594 690 4643 p.
710 4580 768 4631 119.
805 4579 841 4633 cf.
861 4578 951 4630 Gloss.
969 4580 1033 4631 Vnt.
1052 4578 1090 4628 VI
1108 4579 1156 4628 532
1176 4577 1214 4630 M.
1228 4575 1338 4628 ’Thonu
1362 4574 1444 4624 Thes·

296 4680 365 4718 nov.
384 4664 433 4716 lat.
452 4682 478 4730 p.
496 4667 555 4718 308,
572 4666 622 4715 325
639 4664 676 4716 Μ.
695 4663 785 4714 Gloss.
805 4665 895 4714 Paris.
913 4681 941 4730 p.
961 4665 1009 4714 198
1027 4661 1101 4714 Hild.

370 4749 392 4816 ³)
411 4750 552 4816 suppleuit
570 4750 744 4801 Husclrkius:
764 4754 847 4800 antea
866 4745 1046 4814 ‘men(ifestn)'
1065 4749 1128 4801 fuit.

1197 4831 1242 4894 3*
