3709 5634
448 678 496 727 ns
518 680 570 727 xu
593 679 806 729 rnsvnnsvu
828 682 1006 743 sacrovus
1029 682 1316 734 consrrrvsums.
1409 669 1450 734 89

308 837 371 903 luit
391 836 475 903 Mus.
498 837 588 902 rhen.
605 835 685 923 phil.
701 834 766 900 XV
781 836 857 900 464:
881 859 1073 923 praesens
1095 860 1167 904 esse
1188 846 1362 905 ‘nancitor'
1379 840 1450 906 sive

308 944 506 1008 ‘asciscitur'
529 940 628 1026 idque
644 961 717 1003 cum
731 939 765 1009 in
780 938 852 1023 lege
866 940 936 1005 vim
950 940 1071 1006 habeat
1084 941 1205 1023 futuri,
1220 941 1332 1008 futuro
1341 942 1450 1029 ‚expli-

307 1044 377 1109 cari
393 1042 499 1109 solere
520 1041 795 1128 agrammaticis,
819 1040 853 1105 in
874 1050 942 1106 tam
965 1053 1055 1108 certa
1075 1054 1109 1109 et
1123 1053 1278 1109 accurata
1291 1045 1449 1131 interpre-

307 1145 431 1211 tatione
455 1134 516 1211 bis¹
534 1144 674 1231 repetita
699 1143 911 1209 satisfacere
937 1144 1003 1210 ullo
1028 1145 1125 1212 modo
1151 1154 1272 1233 potest:
1304 1148 1360 1232 qui
1385 1169 1449 1232 quo

219 1328 222 1333 Ι
307 1244 460 1335 exemplo
481 1248 547 1313 tale
568 1245 755 1333 explicandi
776 1268 879 1332 genus
900 1246 1058 1312 illustrari
1078 1247 1197 1330 voluit,
1219 1248 1255 1313 id
1269 1249 1377 1336 ipsum
1391 1272 1451 1315 cur

306 1373 424 1437 parum
449 1349 531 1414 mibi
555 1350 728 1436 probetur,
755 1350 843 1414 infra
869 1349 988 1415 dicam.
1019 1350 1226 1438 Quamquam
1252 1351 1450 1417 Corssenum

305 1454 361 1542 qui
379 1452 434 1540 (de
445 1452 566 1518 Enunt.
579 1453 597 1517 Ι
612 1451 642 1517 5.
665 1451 826 1538 1138sq.)
842 1452 984 1539 probata
994 1452 1146 1518 Muelleri
1162 1455 1325 1520 sententia
1338 1455 1449 1541 potius

304 1562 494 1621 ‘transactor'
515 1564 548 1619 et
563 1561 788 1619 ‘retteacsitur'
805 1563 960 1641 quattuor
979 1556 1051 1620 istis
1073 1555 1152 1620 locis
1173 1558 1331 1643 scriptum
1344 1557 1449 1621 fuisse

304 1666 473 1739 autumat,
499 1658 583 1723 bene
607 1658 696 1721 idem
724 1658 863 1740 refutat,
890 1668 988 1723 vetus
1009 1660 1162 1723 mendum
1186 1680 1321 1724 monens
1347 1681 1450 1746 aeque

303 1762 410 1849 repeti
425 1781 522 1847 posse
538 1782 557 1823 a
573 1760 736 1847 scriptura
751 1759 894 1845 Augusti
909 1769 1017 1825 aetate
1033 1761 1197 1828 celebrata
1213 1766 1408 1827 ‘nancxttoa’

390 1863 462 1928 Iam
470 1884 549 1927 vero
558 1871 643 1926 -ut
655 1861 786 1926 redeam
798 1862 933 1927 tandem
947 1862 1034 1928 unde
1048 1863 1216 1948 digressus
1234 1865 1449 1952 sum-quod

303 1968 344 2032 de
361 1966 468 2031 forma
484 1968 676 2029 ‘orduuttur’
698 1963 764 2028 iam
784 1965 915 2030 videtur
936 1964 1142 2051 exploratum
1164 1988 1250 2048 esse,
1272 1967 1358 2032 idem
1379 1976 1449 2033 tota

301 2069 366 2135 loci
390 2067 534 2133 Pliniani
555 2067 745 2132 condicione
766 2066 987 2133 confirmatur.
1029 2068 1162 2133 Etenim
1182 2069 1270 2133 hunc
1289 2068 1398 2135 locum
1420 2070 1450 2134 si

302 2170 494 2256 diligentius
517 2169 699 2255 inspexeris
721 2178 914 2255 atque-cum
930 2169 1098 2236 Ciceronis
1120 2194 1217 2258 quem
1233 2194 1333 2259 supra
1352 2170 1449 2236 attuli

265 2357 273 2362 -
301 2270 494 2353 contuleris,
523 2263 776 2358 haudquaquam
801 2271 899 2358 plena
925 2270 1008 2357 legis
1035 2274 1137 2339 verba
1169 2274 1265 2339 citari
1295 2296 1315 2338 a
1341 2272 1449 2339 Plinio

301 2397 497 2462 cognosces:
522 2374 556 2437 in
576 2374 694 2460 quibus
716 2375 862 2461 parentis
885 2375 955 2441 sive
976 2385 1151 2461 parentum
1170 2376 1292 2442 mentio
1312 2397 1449 2462 prorsus

300 2478 520 2544 desideretur.
551 2476 654 2542 Porro
671 2476 758 2563 quod
773 2485 910 2563 uterque
930 2477 1033 2542 refert
1048 2484 1130 2543 ‘sine
1141 2482 1277 2555 fraude'
1293 2498 1449 2545 coronam

300 2604 343 2646 ex
364 2580 436 2665 lege
457 2579 580 2665 imponi
601 2588 746 2661 mortuo,
770 2580 985 2666 suspitionem
1006 2589 1116 2647 movet
1134 2581 1170 2645 id
1196 2582 1308 2668 ipsum
1333 2580 1449 2647 eodem

300 2682 401 2749 modo
426 2704 488 2768 quo
513 2682 550 2747 fit
576 2682 610 2744 in
635 2690 810 2768 praecepto
838 2681 927 2768 quod
953 2682 1064 2747 statim
1085 2684 1232 2770 sequitur
1252 2682 1292 2748 de
1313 2703 1393 2747 auro
1414 2684 1449 2746 in

300 2784 456 2851 dentibus
473 2782 603 2849 condito
619 2782 748 2869 (Cicero
768 2782 807 2847 de
823 2783 887 2869 leg.
903 2782 1012 2867 1124,
1029 2784 1082 2871 60)
1101 2784 1222 2851 diserte
1237 2785 1272 2849 in
1286 2783 1358 2849 XII
1374 2806 1448 2847 cau·

302 2898 374 2953 tum
397 2886 510 2952 fuisse.
538 2886 588 2950 Ne
603 2886 722 2968 multa,
746 2885 828 2970 legis
854 2886 957 2950 verba
977 2886 1012 2949 in
1032 2885 1118 2951 hunc
1139 2876 1273 2952 modum
1295 2886 1448 2952 videntur

301 2988 509 3055 restituenda
524 3010 595 3052 esse

390 3095 461 3167 ‘Oai
484 3110 625 3157 emonam
649 3099 733 3170 parit
757 3098 820 3171 epse
841 3099 1008 3170 pecuniave
1032 3099 1095 3156 etas·
1120 3096 1274 3155 lionoris
1298 3098 1448 3157 virtuteve

302 3216 390 3274 erpa,
406 3200 440 3258 si
453 3198 661 3258 arduuttur
675 3201 709 3258 ei
720 3202 949 3273 parentique
963 3201 1041 3271 eius,
1057 3215 1088 3257 se
1099 3196 1218 3270 fraude
1230 3198 1314 3258 esto?

388 3294 515 3360 Plinius
530 3296 631 3381 igitur
645 3318 718 3361 cum
731 3318 844 3362 vocem
856 3300 1043 3389 ‘arctabitur'
1055 3317 1120 3361 non
1135 3298 1216 3361 satis
1230 3294 1447 3381 intellegeret,

305 3421 362 3486 pro
389 3398 524 3464 arbitrio
546 3397 712 3491 putandus
736 3408 787 3463 est
811 3399 965 3481 resectis,
986 3398 1105 3485 quibus
1131 3419 1242 3463 carere
1263 3421 1360 3485 posse
1383 3399 1448 3464 sibi

304 3500 488 3583 videretur,
509 3500 616 3585 legem
638 3501 859 3566 constituisse.
895 3500 1011 3588 Neque
1036 3502 1169 3567 veroin
1195 3524 1233 3568 eo
1260 3500 1447 3566 offendendi

243 3620 246 3627 ·
302 3625 420 3669 caussa
436 3612 498 3685 est,
515 3602 601 3689 quod
620 3623 694 3667 cum
709 3604 873 3689 praesenti
892 3611 1017 3683 ‘parit',
1034 3625 1164 3690 queres
1185 3605 1341 3670 universa
1354 3604 1445 3689 poni-

303 3716 372 3789 tur,
399 3706 434 3769 in
460 3704 563 3771 altero
588 3704 734 3771 membro
760 3706 908 3771 futurum
934 3715 1088 3771 exactum
1113 3706 1157 3770 ad
1178 3716 1303 3772 certum
1323 3713 1447 3772 statum

304 3817 455 3895 spectans
470 3807 633 3892 iungitur:
651 3809 705 3895 qui
721 3831 799 3873 usus
815 3808 960 3873 munitur
980 3808 1115 3893 antiqua
1134 3806 1206 3893 lege
1221 3808 1330 3873 Servii
1345 3806 1446 3872 Tullii

303 3932 386 3997 quae
403 3908 523 3975 dicitur
538 3909 628 3997 apud
638 3911 773 3976 Festum
788 3911 891 3997 pato
906 3918 946 3975 ‘st
955 3921 1111 3990 parentem
1124 3931 1203 3990 puer
1217 3914 1383 3989 verterit,
1400 3920 1448 3972 est

302 4018 358 4077 olle
370 4018 551 4091 plorassit,
570 4033 649 4091 puer
670 4018 747 4079 diuis
762 4025 925 4092 pareatum
946 4033 1032 4077 sacer
1053 4019 1134 4076 esto!
1173 4011 1237 4077 Hic
1258 4012 1344 4076 enim
1361 4018 1445 4075 ‘ver-

302 4119 393 4179 berit'
408 4136 475 4179 non
490 4122 552 4198 est,
570 4115 597 4178 si
620 4116 698 4201 quid
720 4114 817 4181 video
825 4164 834 4198 ,
857 4116 913 4201 qui
933 4114 1032 4200 vulgo
1048 4113 1238 4200 perhibetur
1251 4122 1328 4201 post
1343 4112 1444 4178 Scali-

301 4239 416 4303 gerum
427 4216 463 4303 ¹),
480 4217 764 4283 coniunctivus
780 4217 1013 4305 praesentis
1028 4238 1088 4303 pro
1100 4215 1277 4282 ‘verberet'
1290 4216 1443 4282 intereos

301 4317 508 4401 referendus,
534 4318 575 4383 de
601 4319 721 4406 quibus
743 4340 843 4405 supra
863 4318 1024 4402 vidimus,
1050 4340 1111 4384 nec
1132 4320 1237 4403 magis
1264 4320 1443 4382 futurum

302 4430 501 4503 exactum,
523 4420 594 4486 sive
613 4420 649 4485 id
664 4443 705 4485 ex
722 4420 928 4487 ‘verberarit'
947 4457 985 4467 -
1001 4442 1084 4506 quae
1100 4420 1171 4507 ipsa
1191 4418 1298 4486 forma
1312 4420 1444 4515 novicia

304 4578 505 4586 n———-----

371 4661 390 4726 ¹)
410 4662 447 4713 cl.
461 4660 589 4714 Struvlus
607 4662 641 4713 de
659 4661 728 4714 decl.
749 4668 777 4715 et
789 4664 859 4717 coni.
877 4680 904 4729 p.
919 4663 976 4717 146.
1001 4662 1033 4717 (l.
1047 4661 1159 4714 (turtius
1178 4663 1211 4715 de
1229 4665 1313 4729 temp.
1332 4665 1360 4712 et
1371 4661 1441 4713 mod.

302 4764 327 4815 p.
346 4748 406 4803 262.
433 4748 557 4815 Boppius
577 4747 624 4801 Gr.
644 4764 668 4801 c.
687 4749 702 4810 5
720 4750 777 4803 690.
