3709 5634
425 660 473 707 DE
495 659 547 707 XII
570 659 784 709 TABVLARVM
805 662 983 722 RELIQVIIS
1007 660 1252 719 COLLIGENDIS.
1367 645 1410 710 65

351 815 527 879 Praeterea
546 826 754 881 accesserunt
774 814 838 882 duo
853 816 946 881 Festi
965 814 1029 881 loci
1049 816 1156 881 adhue
1176 816 1305 881 omissi:
1327 814 1411 880 alter

268 940 297 1003 p.
314 916 378 982 258
400 910 666 994 ‘maurusiorum
685 925 777 997 praui
790 938 857 984 uoce
866 924 1113 999 promuntiutur,
1133 924 1283 996 siuuificut
1301 922 1411 997 (quadr

268 1030 357 1084 ucutu
382 1032 426 1083 est
445 1026 586 1101 temporis
610 1026 796 1101 adverbium)
806 1020 845 1104 ¹),
873 1034 904 1085 ut
924 1026 1048 1085 Plautus
1072 1027 1104 1084 iu
1124 1024 1344 1096 Me(uuecltmis
1369 1025 1413 1083 uit

269 1169 429 1187 .......
444 1132 474 1187 et
487 1126 603 1187 Euuiru
617 1130 637 1188 l.
653 1128 739 1188 XVI
755 1125 847 1187 “Nou
867 1127 988 1202 quaudo
1002 1128 1108 1187 medus
1121 1129 1215 1202 siquis
1232 1128 1411 1203 praecinctu

267 1228 408 1289 uolubufl
444 1228 483 1289 Iu
503 1228 574 1288 XII
590 1231 708 1303 quidem
727 1246 794 1291 cum
820 1232 957 1291 elitieru
984 1231 1087 1290 ultima
1113 1230 1255 1291 scribitur
1275 1230 1412 1305 idemuu

266 1333 437 1405 siuuificut’
472 1326 539 1392 Ubi
565 1324 637 1391 XII
663 1351 728 1394 non
755 1350 826 1393 esse
851 1327 996 1392 Enniani
1022 1326 1101 1394 libri
1125 1350 1298 1393 numerum
1323 1336 1412 1393 reete

267 1438 383 1495 contra
403 1429 595 1495 Dacierium
615 1438 648 1495 et
661 1429 823 1495 Merulam
844 1428 1014 1496 contendit
1035 1428 1225 1495 Muellerus.
1261 1430 1315 1496 De
1330 1452 1348 1496 c
1362 1439 1410 1495 ta·

267 1553 342 1596 men
357 1531 468 1597 littera
481 1531 603 1597 vitiosa
615 1532 736 1597 Ursino
751 1533 860 1619 potius
876 1531 1123 1597 assentiendum
1142 1542 1194 1597 est
1208 1532 1264 1619 qui
1285 1554 1303 1596 e
1319 1540 1412 1619 reposs

266 1634 333 1699 suit
361 1672 404 1684 -
433 1634 485 1699 eui
514 1636 561 1699 rei
586 1658 653 1701 non
681 1656 879 1721 magnopere
906 1634 1018 1701 obstat
1042 1634 1130 1720 quod
1156 1634 1270 1699 statim
1294 1658 1326 1722 p.
1348 1634 1410 1698 261

267 1741 432 1815 ‘quamde’
448 1743 481 1801 et
496 1741 650 1815 ‘quande'
672 1760 731 1823 pro
747 1740 871 1815 ‘quum’
888 1736 1042 1802 dicuntur
1061 1738 1114 1801 usi
1135 1759 1207 1801 esse
1228 1735 1355 1823 antiqui
1368 1771 1412 1783 -

268 1860 367 1924 quam
396 1836 555 1904 Muellero
586 1844 609 1902 d
635 1838 831 1924 corrigenti,
859 1848 899 1904 ut
928 1839 1090 1923 cogitetur
1121 1840 1296 1918 ‘'quaudod'
1327 1838 1412 1904 sicut

267 1938 429 2026 ‘suprad²,
446 1940 563 2027 ‘prod',
581 1939 780 2006 ‘facilumed’
797 1940 855 2005 al:
879 1962 956 2005 nam
971 1950 1041 2005 tum
1056 1963 1121 2006 non
1137 1950 1208 2006 erat
1222 1939 1411 2027 ponendum

268 2047 347 2106 ‘eum
363 2046 498 2107 ule'ueru
512 2050 616 2107 ultima
631 2048 792 2121 scribitur',
808 2065 922 2108 verum
939 2048 974 2105 ‘u
987 2049 1086 2107 littero
1101 2047 1249 2108 additur!
1262 2081 1305 2093 -
1316 2041 1412 2108 Alter

267 2142 360 2210 locus
383 2152 434 2208 est
453 2166 485 2231 p.
502 2144 566 2211 352
587 2168 682 2231 quem
703 2168 802 2233 supra
826 2145 1025 2209 constituere
1050 2155 1186 2211 conatus
1213 2168 1285 2210 sum
1304 2168 1337 2232 p.
1353 2143 1410 2209 29:

268 2249 508 2324 (Truusduto
523 2251 764 2327 uictumuias
779 2253 810 2311 iu
821 2250 896 2310 ’ΧΗ
906 2251 1094 2325 suuuificare
1108 2252 1245 2327 trudito).

261 2385 266 2395 ·
351 2348 505 2434 Denique
530 2351 619 2437 apud
639 2349 780 2415 eundem
803 2350 916 2436 p.174
937 2353 1103 2429 ‘(Noxiu)
1125 2360 1158 2414 ut
1177 2353 1243 2415 Ser.
1261 2353 1412 2429 Sulpicius

266 2454 386 2528 Iiu(sus
401 2456 446 2514 uit
460 2456 602 2515 dumuum
616 2458 789 2532 sipuifieut),
806 2456 891 2531 apud
899 2463 1007 2531 peetus
1017 2461 1115 2515 autem
1129 2462 1158 2515 et
1171 2466 1306 2517 ueteres
1316 2458 1411 2532 puni-

267 2564 316 2618 tur
326 2573 388 2633 pro
402 2559 504 2632 culpa.
537 2564 570 2617 ut
583 2574 681 2617 uuuu
694 2564 849 2633 peccatum
871 2566 922 2617 aut
934 2574 993 2633 pro
1003 2564 1129 2633 peccaro
1141 2574 1285 2633 poenum,
1301 2565 1334 2618 ut
1348 2567 1411 2619 Ac*

266 2662 331 2720 cius
346 2660 378 2719 iu
394 2644 567 2738 Meluur'ppo
583 2659 678 2721 “Tele
692 2678 755 2721 esse
769 2661 839 2719 huic
853 2676 953 2720 uouue
967 2660 1163 2720 obnoxium.’'
1188 2663 1256 2721 item
1270 2677 1338 2721 cum
1348 2663 1412 2720 lex

266 2762 347 2821 iubet
360 2777 480 2821 uouue
495 2762 646 2830 dedere,
658 2779 719 2838 pro
730 2768 854 2839 peccato
870 2762 943 2822 dedi
955 2763 1069 2832 iubet',·
1083 2781 1158 2823 cum
1173 2758 1310 2824 alteram
1324 2756 1411 2843 glos·

266 2882 324 2925 sae
339 2869 467 2947 partem
482 2861 525 2925 ad
540 2860 611 2925 XII
622 2860 751 2926 tabulas
767 2860 932 2947 pertinere
947 2858 1071 2924 dudum
1085 2859 1286 2925 intellectum
1302 2862 1355 2941 sit,
1370 2882 1412 2924 ne

265 2963 358 3049 prior
373 2962 518 3052 quidem,
535 2961 564 3027 si
579 2961 658 3049 quid
673 2962 781 3046 video,
798 2962 903 3027 caruit
918 2961 1042 3026 diserta
1056 2960 1138 3047 legis
1154 2961 1409 3046 significatione:

267 3068 383 3127 ‘Noxia
398 3070 434 3127 iu
449 3068 542 3146 XII,
558 3075 592 3128 ut
604 3068 670 3129 Ser.
686 3068 770 3146 Sulp.
786 3068 824 3127 R.
841 3070 900 3127 uit'
919 3110 926 3126 .
945 3112 953 3127 .
971 3111 979 3127 .
1008 3064 1083 3129 Hoc
1104 3064 1191 3128 enim
1213 3072 1246 3127 et
1267 3064 1411 3149 spatium

267 3188 411 3232 vacuum
425 3164 571 3252 postulat
586 3175 618 3231 et
633 3168 820 3253 oppositum
835 3170 935 3245 ‘apuu
944 3178 1050 3245 poetas
1064 3179 1161 3228 autem
1176 3175 1205 3229 et
1218 3173 1362 3229 oratores’
1379 3174 1413 3229 et

266 3290 347 3355 prae
363 3270 481 3332 ceteris
496 3266 592 3332 Pauli
607 3275 813 3356 excerptum:
831 3272 943 3332 ‘Nouia
958 3272 1060 3347 apud
1078 3274 1254 3346 antiquos
1269 3272 1412 3331 damnum

267 3374 473 3449 siquificubuu
489 3375 544 3434 sed
557 3378 683 3451 upoetis
698 3377 824 3451 pouitur
842 3390 899 3449 pru
923 3377 1038 3450 culpu'
1064 3369 1150 3434 Nam
1165 3369 1214 3435 ita
1229 3369 1312 3433 solet
1326 3368 1411 3433 Pau·

267 3472 320 3536 lus
335 3472 605 3538 circumscribere
621 3472 740 3559 legem,
761 3481 797 3537 ut
812 3471 1037 3539 Gothofredus
1058 3471 1214 3537 observat
1234 3470 1277 3535 ad
1292 3472 1333 3537 Τ.
1348 3471 1366 3535 Ι
1383 3472 1412 3534 l.

268 3573 313 3638 ef.
328 3597 362 3661 p.
380 3573 420 3638 19
435 3579 581 3639 ‘adorare
595 3580 683 3655 apud.
694 3580 872 3653 antiquos
892 3578 1082 3653 siuuutcubut
1100 3581 1211 3652 upere'
1227 3572 1329 3659 (VIII
1346 3572 1411 3656 16),

268 3698 301 3763 p.
323 3676 366 3741 84
394 3680 523 3742 ‘Forum
540 3724 548 3741 .
566 3724 573 3742 .
593 3726 601 3742 .
619 3725 627 3741 .
648 3689 842 3756 quartorum
863 3681 897 3740 id
917 3680 1023 3753 forum
1043 3682 1193 3754 antiqui
1219 3679 1413 3757 appellabam

268 3782 351 3858 quod
364 3800 443 3843 uuna
458 3784 628 3843 uestibulum
643 3786 775 3861 sepulcri
788 3776 921 3866 diclur]i
934 3786 1021 3843 solet'
1040 3774 1088 3860 (X
1102 3776 1154 3862 11)
1171 3785 1234 3841 etc.
1255 3774 1414 3841 Similiter

269 3904 302 3967 p.
318 3880 382 3947 232
408 3886 539 3945 ‘Portum
562 3885 739 3961 frequenter
764 3888 924 3946 maiores
948 3900 1007 3959 pro
1031 3884 1117 3942 domo
1139 3884 1328 3957 posueruut',
1354 3875 1412 3941 ubi

269 3984 389 4049 Festus
406 3988 538 4049 ‘Portum
554 3991 566 4048 i
570 4006 589 4047 u
604 3988 638 4047 X
642 3988 663 4046 I
665 3988 686 4049 I
694 4004 752 4064 pro
767 3989 851 4048 domu
863 3988 991 4062 positum
1006 4000 1104 4044 omues
1115 3982 1186 4057 fere
1199 3985 1413 4043 euuentiuut’:

269 4096 387 4151 utnon
403 4084 561 4151 dissimile
581 4086 652 4152 veri
673 4085 824 4152 videatur
838 4107 871 4171 p.
886 4084 951 4149 362
966 4087 1192 4163 ‘Paupertatem
1209 4100 1269 4160 pro
1284 4091 1414 4159 tempore

267 4191 446 4267 frequenter
461 4193 604 4253 diueruut
623 4194 773 4268 autiqui
786 4222 828 4235 -
842 4186 886 4252 id.
902 4208 936 4273 p.
953 4186 1015 4251 110
1029 4209 1062 4251 v.
1077 4189 1297 4263 intempestum'
1313 4216 1356 4230 -
1370 4203 1414 4245 ex

345 4464 366 4531 ¹)
389 4465 425 4517 At
447 4462 557 4532 plenius
579 4464 685 4516 Paulus
707 4479 735 4531 p.
752 4423 809 4516 259·
825 4463 948 4526 ‘Quando
970 4477 1024 4513 cum
1045 4461 1120 4527 provi
1140 4474 1200 4511 uoce
1226 4458 1413 4525 pronuntiatur,

165 4592 169 4605 .
271 4552 398 4617 siqnifieut
421 4552 501 4619 quod,
520 4553 675 4618 quoniam,
697 4556 726 4601 ei
748 4556 794 4601 est
811 4549 1010 4602 coniunctio:
1032 4546 1133 4612 quaudo
1151 4548 1227 4595 acuto
1249 4549 1354 4593 accentu
1375 4548 1414 4590 eal

272 4640 393 4701 temporis
411 4637 584 4688 adverbium’:
606 4640 637 4687 ut
660 4639 747 4688 totum
765 4650 875 4687 versum
894 4633 952 4699 (vel
969 4630 1074 4699 plures)
1099 4629 1172 4697 apud
1192 4630 1307 4679 Festum
1329 4628 1413 4675 inter·

272 4720 371 4773 cidIsse
391 4722 450 4773 iure
469 4721 502 4775 Ο.
520 4722 671 4773 Muellerus
690 4721 855 4786 suspicetur.

326 4811 443 4863 Schoell‚
459 4812 523 4865 Ligu
537 4812 577 4853 llll
592 4814 635 4856 tab.
650 4812 710 4865 reliq.
1192 4798 1213 4861 f)
