<?xml version="1.0" encoding="UTF-8"?>
<!DOCTYPE html PUBLIC "-//W3C//DTD XHTML 1.0 Transitional//EN"
    "http://www.w3.org/TR/xhtml1/DTD/xhtml1-transitional.dtd">
<html xmlns="http://www.w3.org/1999/xhtml" xml:lang="en" lang="en">
 <head>
  <title>
</title>
<meta http-equiv="Content-Type" content="text/html;charset=utf-8" />
  <meta name='ocr-system' content='tesseract 3.04.00' />
  <meta name='ocr-capabilities' content='ocr_page ocr_carea ocr_par ocr_line ocrx_word'/>
</head>
<body>
  <div class='ocr_page' id='page_1' title='image "./legisdvodecimta00schgoog_0075.png"; bbox 0 0 3709 5634; ppageno 0'>
   <div class='ocr_carea' id='block_1_1' title="bbox 445 659 1430 730">
    <p class='ocr_par' dir='ltr' id='par_1_1' title="bbox 445 659 1430 730">
     <span class='ocr_line' id='line_1_1' title="bbox 445 659 1430 730; baseline 0.009 -15"><span class='ocrx_word' id='word_1_1' title='bbox 445 669 492 716; x_wconf 83' lang='lat' dir='ltr'><strong>nn</strong></span> <span class='ocrx_word' id='word_1_2' title='bbox 514 667 566 716; x_wconf 84' lang='lat' dir='ltr'><strong>xu</strong></span> <span class='ocrx_word' id='word_1_3' title='bbox 589 667 802 716; x_wconf 75' lang='lat' dir='ltr'><strong>rnnvueavu</strong></span> <span class='ocrx_word' id='word_1_4' title='bbox 825 659 1003 730; x_wconf 79' lang='lat' dir='ltr'><strong>sunrovus</strong></span> <span class='ocrx_word' id='word_1_5' title='bbox 1026 663 1272 719; x_wconf 73' lang='lat' dir='ltr'><strong>conmoratus.</strong></span> <span class='ocrx_word' id='word_1_6' title='bbox 1389 660 1430 726; x_wconf 80' lang='grc'><strong>57</strong></span> 
     </span>
    </p>
   </div>
   <div class='ocr_carea' id='block_1_2' title="bbox 285 822 1434 1423">
    <p class='ocr_par' dir='ltr' id='par_1_2' title="bbox 285 822 1434 1423">
     <span class='ocr_line' id='line_1_2' title="bbox 288 822 1432 912; baseline 0.003 -22"><span class='ocrx_word' id='word_1_7' title='bbox 288 832 381 912; x_wconf 89' lang='lat' dir='ltr'><strong>paret</strong></span> <span class='ocrx_word' id='word_1_8' title='bbox 395 822 482 888; x_wconf 89' lang='lat' dir='ltr'><strong>enim</strong></span> <span class='ocrx_word' id='word_1_9' title='bbox 496 844 562 889; x_wconf 92' lang='lat' dir='ltr'><strong>non</strong></span> <span class='ocrx_word' id='word_1_10' title='bbox 577 822 610 888; x_wconf 91' lang='lat' dir='ltr'><strong>in</strong></span> <span class='ocrx_word' id='word_1_11' title='bbox 626 822 697 911; x_wconf 89' lang='lat' dir='ltr'><strong>ipso</strong></span> <span class='ocrx_word' id='word_1_12' title='bbox 719 833 852 910; x_wconf 90' lang='lat' dir='ltr'><strong>sumptu</strong></span> <span class='ocrx_word' id='word_1_13' title='bbox 873 823 1003 889; x_wconf 90' lang='lat' dir='ltr'><strong>modum</strong></span> <span class='ocrx_word' id='word_1_14' title='bbox 1027 833 1060 889; x_wconf 90' lang='lat' dir='ltr'><strong>et</strong></span> <span class='ocrx_word' id='word_1_15' title='bbox 1074 844 1246 890; x_wconf 88' lang='lat' dir='ltr'><strong>numerum</strong></span> <span class='ocrx_word' id='word_1_16' title='bbox 1261 826 1432 894; x_wconf 87' lang='lat' dir='ltr'><strong>observari</strong></span> 
     </span>
     <span class='ocr_line' id='line_1_3' title="bbox 288 924 1432 1011; baseline 0 -18"><span class='ocrx_word' id='word_1_17' title='bbox 288 926 346 993; x_wconf 88' lang='lat' dir='ltr'><strong>sed</strong></span> <span class='ocrx_word' id='word_1_18' title='bbox 360 927 401 990; x_wconf 91' lang='lat' dir='ltr'><strong>in·</strong></span> <span class='ocrx_word' id='word_1_19' title='bbox 408 924 492 1011; x_wconf 89' lang='lat' dir='ltr'><strong>legis</strong></span> <span class='ocrx_word' id='word_1_20' title='bbox 508 926 708 991; x_wconf 88' lang='lat' dir='ltr'><strong>extenuandi</strong></span> <span class='ocrx_word' id='word_1_21' title='bbox 724 926 878 991; x_wconf 89' lang='lat' dir='ltr'><strong>consilio:</strong></span> <span class='ocrx_word' id='word_1_22' title='bbox 901 935 939 991; x_wconf 90' lang='lat' dir='ltr'><strong>ut</strong></span> <span class='ocrx_word' id='word_1_23' title='bbox 959 926 1163 992; x_wconf 84' lang='lat' dir='ltr'><strong>tria‘recinia</strong></span> <span class='ocrx_word' id='word_1_24' title='bbox 1181 936 1215 994; x_wconf 90' lang='lat' dir='ltr'><strong>et</strong></span> <span class='ocrx_word' id='word_1_25' title='bbox 1230 928 1342 995; x_wconf 91' lang='lat' dir='ltr'><strong>decem</strong></span> <span class='ocrx_word' id='word_1_26' title='bbox 1358 931 1432 996; x_wconf 91' lang='lat' dir='ltr'><strong>tibi-</strong></span> 
     </span>
     <span class='ocr_line' id='line_1_4' title="bbox 288 1027 1433 1117; baseline 0.001 -22"><span class='ocrx_word' id='word_1_27' title='bbox 288 1030 377 1095; x_wconf 88' lang='lat' dir='ltr'><strong>cines</strong></span> <span class='ocrx_word' id='word_1_28' title='bbox 392 1028 465 1113; x_wconf 86' lang='lat' dir='ltr'><strong>lege</strong></span> <span class='ocrx_word' id='word_1_29' title='bbox 479 1029 627 1093; x_wconf 81' lang='lat' dir='ltr'><strong>concessi</strong></span> <span class='ocrx_word' id='word_1_30' title='bbox 641 1029 780 1112; x_wconf 88' lang='lat' dir='ltr'><strong>fuerint,</strong></span> <span class='ocrx_word' id='word_1_31' title='bbox 802 1050 868 1094; x_wconf 91' lang='lat' dir='ltr'><strong>non</strong></span> <span class='ocrx_word' id='word_1_32' title='bbox 888 1027 1021 1094; x_wconf 80' lang='lat' dir='ltr'><strong>sublati.</strong></span> <span class='ocrx_word' id='word_1_33' title='bbox 1053 1029 1170 1117; x_wconf 78' lang='lat' dir='ltr'><strong>Itaque</strong></span> <span class='ocrx_word' id='word_1_34' title='bbox 1192 1039 1225 1096; x_wconf 87' lang='lat' dir='ltr'><strong>et</strong></span> <span class='ocrx_word' id='word_1_35' title='bbox 1244 1031 1293 1094; x_wconf 90' lang='lat' dir='ltr'><strong>rei</strong></span> <span class='ocrx_word' id='word_1_36' title='bbox 1314 1041 1347 1097; x_wconf 91' lang='lat' dir='ltr'><strong>et</strong></span> <span class='ocrx_word' id='word_1_37' title='bbox 1361 1056 1433 1097; x_wconf 89' lang='lat' dir='ltr'><strong>ver·</strong></span> 
     </span>
     <span class='ocr_line' id='line_1_5' title="bbox 288 1130 1434 1218; baseline 0 -20"><span class='ocrx_word' id='word_1_38' title='bbox 288 1132 404 1198; x_wconf 92' lang='lat' dir='ltr'><strong>borum</strong></span> <span class='ocrx_word' id='word_1_39' title='bbox 424 1131 525 1195; x_wconf 88' lang='lat' dir='ltr'><strong>nexui</strong></span> <span class='ocrx_word' id='word_1_40' title='bbox 547 1132 656 1218; x_wconf 90' lang='lat' dir='ltr'><strong>aptius</strong></span> <span class='ocrx_word' id='word_1_41' title='bbox 680 1130 864 1197; x_wconf 87' lang='lat' dir='ltr'><strong>consultum</strong></span> <span class='ocrx_word' id='word_1_42' title='bbox 883 1132 923 1195; x_wconf 89' lang='lat' dir='ltr'><strong>iri</strong></span> <span class='ocrx_word' id='word_1_43' title='bbox 940 1139 1019 1217; x_wconf 90' lang='lat' dir='ltr'><strong>puto</strong></span> <span class='ocrx_word' id='word_1_44' title='bbox 1035 1131 1227 1199; x_wconf 89' lang='lat' dir='ltr'><strong>scribendo:</strong></span> <span class='ocrx_word' id='word_1_45' title='bbox 1250 1137 1434 1199; x_wconf 74' lang='lat' dir='ltr'><strong>‘Eatenuuto</strong></span> 
     </span>
     <span class='ocr_line' id='line_1_6' title="bbox 289 1238 1434 1322; baseline 0.003 -24"><span class='ocrx_word' id='word_1_46' title='bbox 289 1240 382 1313; x_wconf 78' lang='lat' dir='ltr'><strong>ipttur</strong></span> <span class='ocrx_word' id='word_1_47' title='bbox 396 1244 528 1315; x_wconf 76' lang='lat' dir='ltr'><strong>sumptu,</strong></span> <span class='ocrx_word' id='word_1_48' title='bbox 544 1239 639 1299; x_wconf 76' lang='lat' dir='ltr'><strong>tribus</strong></span> <span class='ocrx_word' id='word_1_49' title='bbox 653 1242 774 1301; x_wconf 79' lang='lat' dir='ltr'><strong>reetnte&#39;s</strong></span> <span class='ocrx_word' id='word_1_50' title='bbox 787 1240 938 1299; x_wconf 76' lang='lat' dir='ltr'><strong>relictis</strong></span> <span class='ocrx_word' id='word_1_51' title='bbox 952 1245 981 1298; x_wconf 82' lang='lat' dir='ltr'><strong>et</strong></span> <span class='ocrx_word' id='word_1_52' title='bbox 1000 1255 1069 1300; x_wconf 85' lang='lat' dir='ltr'><strong>uno</strong></span> <span class='ocrx_word' id='word_1_53' title='bbox 1083 1240 1190 1300; x_wconf 83' lang='lat' dir='ltr'><strong>clauo</strong></span> <span class='ocrx_word' id='word_1_54' title='bbox 1201 1256 1362 1317; x_wconf 83' lang='lat' dir='ltr'><em>purpurae</em></span> <span class='ocrx_word' id='word_1_55' title='bbox 1377 1238 1434 1322; x_wconf 83' lang='lat' dir='ltr'><strong>(au</strong></span> 
     </span>
     <span class='ocr_line' id='line_1_7' title="bbox 285 1336 849 1423; baseline 0 -22"><span class='ocrx_word' id='word_1_56' title='bbox 285 1336 465 1421; x_wconf 69' lang='lat' dir='ltr'><strong>purpureo?</strong></span> <span class='ocrx_word' id='word_1_57' title='bbox 480 1337 523 1403; x_wconf 88' lang='lat' dir='ltr'><strong>cf.</strong></span> <span class='ocrx_word' id='word_1_58' title='bbox 540 1338 645 1423; x_wconf 85' lang='lat' dir='ltr'><strong>Fest.)</strong></span> <span class='ocrx_word' id='word_1_59' title='bbox 660 1348 689 1402; x_wconf 82' lang='lat' dir='ltr'><strong>ct</strong></span> <span class='ocrx_word' id='word_1_60' title='bbox 702 1342 802 1403; x_wconf 84' lang='lat' dir='ltr'><strong>decem</strong></span> <span class='ocrx_word' id='word_1_61' title='bbox 817 1344 849 1405; x_wconf 78' lang='lat' dir='ltr'><strong>t’</strong></span> 
     </span>
    </p>
   </div>
   <div class='ocr_carea' id='block_1_3' title="bbox 254 1642 1557 4092">
    <p class='ocr_par' dir='ltr' id='par_1_3' title="bbox 254 1642 1437 2246">
     <span class='ocr_line' id='line_1_8' title="bbox 376 1642 1435 1735; baseline 0.006 -28"><span class='ocrx_word' id='word_1_62' title='bbox 376 1642 449 1708; x_wconf 84' lang='lat' dir='ltr'><strong>Iam</strong></span> <span class='ocrx_word' id='word_1_63' title='bbox 470 1666 536 1710; x_wconf 92' lang='lat' dir='ltr'><strong>non</strong></span> <span class='ocrx_word' id='word_1_64' title='bbox 556 1644 744 1729; x_wconf 84' lang='lat' dir='ltr'><strong>miraberis,</strong></span> <span class='ocrx_word' id='word_1_65' title='bbox 762 1648 892 1733; x_wconf 84' lang='lat' dir='ltr'>opinor,</span> <span class='ocrx_word' id='word_1_66' title='bbox 914 1668 998 1734; x_wconf 89' lang='lat' dir='ltr'><strong>quae</strong></span> <span class='ocrx_word' id='word_1_67' title='bbox 1019 1656 1068 1711; x_wconf 99' lang='grc' dir='ltr'><strong>θεῖ</strong></span> <span class='ocrx_word' id='word_1_68' title='bbox 1088 1654 1123 1710; x_wconf 89' lang='grc' dir='ltr'><strong>θῖ</strong></span> <span class='ocrx_word' id='word_1_69' title='bbox 1141 1646 1281 1712; x_wconf 87' lang='lat' dir='ltr'><strong>fontium</strong></span> <span class='ocrx_word' id='word_1_70' title='bbox 1297 1648 1435 1735; x_wconf 85' lang='lat' dir='ltr'><strong>penuria</strong></span> 
     </span>
     <span class='ocr_line' id='line_1_9' title="bbox 291 1746 1435 1836; baseline 0.002 -24"><span class='ocrx_word' id='word_1_71' title='bbox 291 1755 324 1813; x_wconf 89' lang='lat' dir='ltr'><strong>et</strong></span> <span class='ocrx_word' id='word_1_72' title='bbox 337 1746 506 1813; x_wconf 91' lang='lat' dir='ltr'><strong>hominum</strong></span> <span class='ocrx_word' id='word_1_73' title='bbox 521 1746 692 1814; x_wconf 89' lang='lat' dir='ltr'><strong>doctorum</strong></span> <span class='ocrx_word' id='word_1_74' title='bbox 706 1748 770 1814; x_wconf 85' lang='lat' dir='ltr'><strong>fuit</strong></span> <span class='ocrx_word' id='word_1_75' title='bbox 783 1749 817 1812; x_wconf 93' lang='lat' dir='ltr'><strong>in</strong></span> <span class='ocrx_word' id='word_1_76' title='bbox 837 1748 1031 1834; x_wconf 75' lang='lat' dir='ltr'><strong>fragmentis</strong></span> <span class='ocrx_word' id='word_1_77' title='bbox 1045 1749 1189 1835; x_wconf 91' lang='lat' dir='ltr'><strong>undique</strong></span> <span class='ocrx_word' id='word_1_78' title='bbox 1204 1749 1435 1836; x_wconf 78' lang='lat' dir='ltr'><strong>conquirendis</strong></span> 
     </span>
     <span class='ocr_line' id='line_1_10' title="bbox 254 1848 1436 1938; baseline 0 -23"><span class='ocrx_word' id='word_1_79' title='bbox 254 1920 255 1925; x_wconf 8' lang='grc' dir='ltr'>γ</span> <span class='ocrx_word' id='word_1_80' title='bbox 292 1848 461 1933; x_wconf 75' lang='lat' dir='ltr'><strong>sedulitas,</strong></span> <span class='ocrx_word' id='word_1_81' title='bbox 482 1850 610 1936; x_wconf 88' lang='lat' dir='ltr'><strong>copiam</strong></span> <span class='ocrx_word' id='word_1_82' title='bbox 635 1850 890 1917; x_wconf 82' lang='lat' dir='ltr'><strong>imminuendam</strong></span> <span class='ocrx_word' id='word_1_83' title='bbox 915 1852 1024 1937; x_wconf 88' lang='lat' dir='ltr'><strong>potius</strong></span> <span class='ocrx_word' id='word_1_84' title='bbox 1050 1874 1147 1938; x_wconf 85' lang='lat' dir='ltr'><strong>quam</strong></span> <span class='ocrx_word' id='word_1_85' title='bbox 1169 1851 1436 1938; x_wconf 87' lang='lat' dir='ltr'><strong>amplificandam</strong></span> 
     </span>
     <span class='ocr_line' id='line_1_11' title="bbox 291 1952 1436 2041; baseline 0.003 -24"><span class='ocrx_word' id='word_1_86' title='bbox 291 1952 403 2018; x_wconf 83' lang='lat' dir='ltr'><strong>luisse.</strong></span> <span class='ocrx_word' id='word_1_87' title='bbox 440 1953 648 2039; x_wconf 74' lang='lat' dir='ltr'><strong>Quamquam</strong></span> <span class='ocrx_word' id='word_1_88' title='bbox 668 1977 734 2021; x_wconf 90' lang='lat' dir='ltr'><strong>non</strong></span> <span class='ocrx_word' id='word_1_89' title='bbox 755 1952 852 2039; x_wconf 89' lang='lat' dir='ltr'><strong>plane</strong></span> <span class='ocrx_word' id='word_1_90' title='bbox 874 1954 1009 2037; x_wconf 78' lang='lat' dir='ltr'><strong>desunt,</strong></span> <span class='ocrx_word' id='word_1_91' title='bbox 1030 1977 1114 2039; x_wconf 86' lang='lat' dir='ltr'><strong>quae</strong></span> <span class='ocrx_word' id='word_1_92' title='bbox 1135 1965 1210 2041; x_wconf 87' lang='lat' dir='ltr'><strong>post</strong></span> <span class='ocrx_word' id='word_1_93' title='bbox 1229 1954 1436 2030; x_wconf 85' lang='lat' dir='ltr'><strong>Dirksenum</strong></span> 
     </span>
     <span class='ocr_line' id='line_1_12' title="bbox 293 2054 1437 2144; baseline 0.001 -23"><span class='ocrx_word' id='word_1_94' title='bbox 293 2065 350 2121; x_wconf 86' lang='lat' dir='ltr'><strong>aut</strong></span> <span class='ocrx_word' id='word_1_95' title='bbox 364 2054 502 2120; x_wconf 89' lang='lat' dir='ltr'><strong>reddere</strong></span> <span class='ocrx_word' id='word_1_96' title='bbox 517 2064 575 2120; x_wconf 88' lang='lat' dir='ltr'><strong>aut</strong></span> <span class='ocrx_word' id='word_1_97' title='bbox 589 2056 710 2122; x_wconf 84' lang='lat' dir='ltr'><strong>addere</strong></span> <span class='ocrx_word' id='word_1_98' title='bbox 721 2055 849 2142; x_wconf 85' lang='lat' dir='ltr'><strong>legibus</strong></span> <span class='ocrx_word' id='word_1_99' title='bbox 863 2056 1007 2123; x_wconf 84' lang='lat' dir='ltr'><strong>collectis</strong></span> <span class='ocrx_word' id='word_1_100' title='bbox 1019 2057 1194 2142; x_wconf 87' lang='lat' dir='ltr'><strong>contigerit</strong></span> <span class='ocrx_word' id='word_1_101' title='bbox 1206 2057 1276 2123; x_wconf 90' lang='lat' dir='ltr'><strong>sive</strong></span> <span class='ocrx_word' id='word_1_102' title='bbox 1285 2056 1437 2144; x_wconf 88' lang='lat' dir='ltr'><strong>neglecta</strong></span> 
     </span>
     <span class='ocr_line' id='line_1_13' title="bbox 293 2156 1281 2246; baseline 0.001 -22"><span class='ocrx_word' id='word_1_103' title='bbox 293 2160 335 2225; x_wconf 91' lang='lat' dir='ltr'><strong>ab</strong></span> <span class='ocrx_word' id='word_1_104' title='bbox 350 2156 408 2224; x_wconf 93' lang='lat' dir='ltr'><strong>illo</strong></span> <span class='ocrx_word' id='word_1_105' title='bbox 425 2158 496 2223; x_wconf 89' lang='lat' dir='ltr'><strong>sive</strong></span> <span class='ocrx_word' id='word_1_106' title='bbox 510 2157 594 2223; x_wconf 89' lang='lat' dir='ltr'><strong>male</strong></span> <span class='ocrx_word' id='word_1_107' title='bbox 609 2158 775 2225; x_wconf 87' lang='lat' dir='ltr'><strong>intellecta</strong></span> <span class='ocrx_word' id='word_1_108' title='bbox 791 2160 861 2225; x_wconf 90' lang='lat' dir='ltr'><strong>sive</strong></span> <span class='ocrx_word' id='word_1_109' title='bbox 876 2182 981 2246; x_wconf 89' lang='lat' dir='ltr'><strong>nuper</strong></span> <span class='ocrx_word' id='word_1_110' title='bbox 996 2158 1128 2223; x_wconf 90' lang='lat' dir='ltr'><strong>demum</strong></span> <span class='ocrx_word' id='word_1_111' title='bbox 1142 2168 1281 2246; x_wconf 89' lang='lat' dir='ltr'><strong>reperta.</strong></span> 
     </span>
    </p>

    <p class='ocr_par' dir='ltr' id='par_1_4' title="bbox 290 2260 1557 3989">
     <span class='ocr_line' id='line_1_14' title="bbox 376 2260 1436 2350; baseline 0.003 -26"><span class='ocrx_word' id='word_1_112' title='bbox 376 2262 428 2350; x_wconf 79' lang='lat' dir='ltr'><strong>Ac</strong></span> <span class='ocrx_word' id='word_1_113' title='bbox 442 2260 583 2347; x_wconf 87' lang='lat' dir='ltr'><strong>primum</strong></span> <span class='ocrx_word' id='word_1_114' title='bbox 597 2261 838 2327; x_wconf 86' lang='lat' dir='ltr'><strong>restituendum</strong></span> <span class='ocrx_word' id='word_1_115' title='bbox 853 2272 904 2328; x_wconf 91' lang='lat' dir='ltr'><strong>est</strong></span> <span class='ocrx_word' id='word_1_116' title='bbox 925 2262 989 2347; x_wconf 88' lang='lat' dir='ltr'><strong>legi</strong></span> <span class='ocrx_word' id='word_1_117' title='bbox 1004 2272 1217 2349; x_wconf 84' lang='lat' dir='ltr'><strong>praeceptum</strong></span> <span class='ocrx_word' id='word_1_118' title='bbox 1236 2263 1278 2328; x_wconf 93' lang='lat' dir='ltr'><strong>de</strong></span> <span class='ocrx_word' id='word_1_119' title='bbox 1299 2262 1436 2329; x_wconf 90' lang='lat' dir='ltr'><strong>divor-</strong></span> 
     </span>
     <span class='ocr_line' id='line_1_15' title="bbox 291 2363 1437 2451; baseline -0.001 -21"><span class='ocrx_word' id='word_1_120' title='bbox 291 2366 347 2431; x_wconf 91' lang='lat' dir='ltr'><strong>tio</strong></span> <span class='ocrx_word' id='word_1_121' title='bbox 364 2363 429 2450; x_wconf 93' lang='lat' dir='ltr'><strong>(IV</strong></span> <span class='ocrx_word' id='word_1_122' title='bbox 439 2365 473 2451; x_wconf 90' lang='lat'><strong>3)</strong></span> <span class='ocrx_word' id='word_1_123' title='bbox 490 2372 612 2429; x_wconf 88' lang='lat' dir='ltr'><strong>temere</strong></span> <span class='ocrx_word' id='word_1_124' title='bbox 626 2364 703 2429; x_wconf 91' lang='lat' dir='ltr'><strong>inde</strong></span> <span class='ocrx_word' id='word_1_125' title='bbox 719 2363 887 2429; x_wconf 87' lang='lat' dir='ltr'><strong>exclusum</strong></span> <span class='ocrx_word' id='word_1_126' title='bbox 897 2365 940 2430; x_wconf 89' lang='lat' dir='ltr'><strong>ab</strong></span> <span class='ocrx_word' id='word_1_127' title='bbox 952 2363 1257 2449; x_wconf 83' lang='lat' dir='ltr'><strong>Ottone(Thes.III</strong></span> <span class='ocrx_word' id='word_1_128' title='bbox 1268 2364 1437 2451; x_wconf 59' lang='lat' dir='ltr'><strong>praedm)</strong></span> 
     </span>
     <span class='ocr_line' id='line_1_16' title="bbox 291 2465 1437 2555; baseline 0 -22"><span class='ocrx_word' id='word_1_129' title='bbox 291 2476 324 2533; x_wconf 90' lang='lat' dir='ltr'><strong>et</strong></span> <span class='ocrx_word' id='word_1_130' title='bbox 336 2466 506 2532; x_wconf 85' lang='lat' dir='ltr'><strong>Dirkseno</strong></span> <span class='ocrx_word' id='word_1_131' title='bbox 521 2488 554 2553; x_wconf 88' lang='lat' dir='ltr'><strong>p.</strong></span> <span class='ocrx_word' id='word_1_132' title='bbox 570 2465 633 2531; x_wconf 91' lang='grc'><strong>296</strong></span> <span class='ocrx_word' id='word_1_133' title='bbox 647 2468 691 2533; x_wconf 87' lang='lat' dir='ltr'><strong>cf.</strong></span> <span class='ocrx_word' id='word_1_134' title='bbox 707 2466 780 2534; x_wconf 90' lang='grc'><strong>225.</strong></span> <span class='ocrx_word' id='word_1_135' title='bbox 810 2466 924 2554; x_wconf 85' lang='lat' dir='ltr'><strong>Neque</strong></span> <span class='ocrx_word' id='word_1_136' title='bbox 940 2468 1027 2532; x_wconf 89' lang='lat' dir='ltr'><strong>enim</strong></span> <span class='ocrx_word' id='word_1_137' title='bbox 1050 2467 1229 2555; x_wconf 86' lang='lat' dir='ltr'><strong>quidquem</strong></span> <span class='ocrx_word' id='word_1_138' title='bbox 1245 2467 1437 2554; x_wconf 88' lang='lat' dir='ltr'><strong>suspitionis</strong></span> 
     </span>
     <span class='ocr_line' id='line_1_17' title="bbox 291 2557 1459 2657; baseline 0.001 -23"><span class='ocrx_word' id='word_1_139' title='bbox 291 2570 415 2637; x_wconf 89' lang='lat' dir='ltr'><strong>habent</strong></span> <span class='ocrx_word' id='word_1_140' title='bbox 429 2568 595 2635; x_wconf 79' lang='lat' dir='ltr'><strong>Ciceronis</strong></span> <span class='ocrx_word' id='word_1_141' title='bbox 617 2570 721 2635; x_wconf 89' lang='lat' dir='ltr'><strong>verba</strong></span> <span class='ocrx_word' id='word_1_142' title='bbox 735 2569 879 2657; x_wconf 90' lang='lat' dir='ltr'><strong>Philipp.</strong></span> <span class='ocrx_word' id='word_1_143' title='bbox 895 2569 929 2635; x_wconf 94' lang='lat' dir='ltr'><strong>II</strong></span> <span class='ocrx_word' id='word_1_144' title='bbox 945 2570 987 2635; x_wconf 91' lang='grc'><strong>28</strong></span> <span class='ocrx_word' id='word_1_145' title='bbox 995 2570 1063 2652; x_wconf 80' lang='grc'><strong>,69</strong></span> <span class='ocrx_word' id='word_1_146' title='bbox 1077 2573 1183 2635; x_wconf 73' lang='lat' dir='ltr'><strong>‘Illam</strong></span> <span class='ocrx_word' id='word_1_147' title='bbox 1197 2589 1283 2634; x_wconf 70' lang='lat' dir='ltr'><strong>utam</strong></span> <span class='ocrx_word' id='word_1_148' title='bbox 1303 2590 1378 2635; x_wconf 79' lang='lat' dir='ltr'><strong>saur</strong></span> <span class='ocrx_word' id='word_1_149' title='bbox 1389 2592 1439 2635; x_wconf 84' lang='lat' dir='ltr'><strong>res</strong></span> <span class='ocrx_word' id='word_1_150' title='bbox 1456 2557 1459 2563; x_wconf 43' lang='lat'><strong><em>¹</em></strong></span> 
     </span>
     <span class='ocr_line' id='line_1_18' title="bbox 292 2673 1437 2758; baseline 0.003 -22"><span class='ocrx_word' id='word_1_151' title='bbox 292 2676 473 2737; x_wconf 66' lang='lat' dir='ltr'><strong>sinehabere</strong></span> <span class='ocrx_word' id='word_1_152' title='bbox 493 2678 595 2739; x_wconf 66' lang='lat' dir='ltr'><strong>iussu·</strong></span> <span class='ocrx_word' id='word_1_153' title='bbox 617 2694 664 2737; x_wconf 78' lang='lat' dir='ltr'><strong>ex</strong></span> <span class='ocrx_word' id='word_1_154' title='bbox 680 2676 759 2737; x_wconf 84' lang='lat' dir='ltr'><strong>XII</strong></span> <span class='ocrx_word' id='word_1_155' title='bbox 777 2677 918 2737; x_wconf 78' lang='lat' dir='ltr'><strong>tabulis</strong></span> <span class='ocrx_word' id='word_1_156' title='bbox 938 2680 1064 2737; x_wconf 82' lang='lat' dir='ltr'><strong>claues</strong></span> <span class='ocrx_word' id='word_1_157' title='bbox 1084 2676 1238 2746; x_wconf 77' lang='lat' dir='ltr'><strong>ademit,</strong></span> <span class='ocrx_word' id='word_1_158' title='bbox 1259 2678 1360 2751; x_wconf 65' lang='lat' dir='ltr'><strong>exesa</strong></span> <span class='ocrx_word' id='word_1_159' title='bbox 1375 2673 1437 2758; x_wconf 84' lang='lat' dir='ltr'><strong>(ita</strong></span> 
     </span>
     <span class='ocr_line' id='line_1_19' title="bbox 291 2774 1437 2861; baseline 0 -22"><span class='ocrx_word' id='word_1_160' title='bbox 291 2774 362 2839; x_wconf 91' lang='lat' dir='ltr'><strong>sine</strong></span> <span class='ocrx_word' id='word_1_161' title='bbox 378 2774 477 2840; x_wconf 90' lang='lat' dir='ltr'><strong>dubio</strong></span> <span class='ocrx_word' id='word_1_162' title='bbox 492 2784 580 2841; x_wconf 87' lang='lat' dir='ltr'><strong>recte</strong></span> <span class='ocrx_word' id='word_1_163' title='bbox 601 2774 753 2842; x_wconf 77' lang='lat' dir='ltr'><strong>distinxit</strong></span> <span class='ocrx_word' id='word_1_164' title='bbox 767 2774 929 2857; x_wconf 84' lang='lat' dir='ltr'><strong>Halmius,</strong></span> <span class='ocrx_word' id='word_1_165' title='bbox 952 2795 1057 2861; x_wconf 91' lang='lat' dir='ltr'><strong>neque</strong></span> <span class='ocrx_word' id='word_1_166' title='bbox 1077 2774 1259 2839; x_wconf 88' lang='lat' dir='ltr'><strong>audiendus</strong></span> <span class='ocrx_word' id='word_1_167' title='bbox 1273 2774 1437 2839; x_wconf 89' lang='lat' dir='ltr'><strong>Bemerus</strong></span> 
     </span>
     <span class='ocr_line' id='line_1_20' title="bbox 291 2874 1438 2965; baseline 0 -24"><span class='ocrx_word' id='word_1_168' title='bbox 291 2878 331 2941; x_wconf 90' lang='lat' dir='ltr'><strong>de</strong></span> <span class='ocrx_word' id='word_1_169' title='bbox 347 2874 501 2943; x_wconf 88' lang='lat' dir='ltr'><strong>divortiis</strong></span> <span class='ocrx_word' id='word_1_170' title='bbox 517 2900 569 2965; x_wconf 89' lang='lat' dir='ltr'><strong>ap.</strong></span> <span class='ocrx_word' id='word_1_171' title='bbox 587 2878 681 2945; x_wconf 89' lang='lat' dir='ltr'><strong>Rom.</strong></span> <span class='ocrx_word' id='word_1_172' title='bbox 697 2877 804 2945; x_wconf 89' lang='lat' dir='ltr'><strong>Berol.</strong></span> <span class='ocrx_word' id='word_1_173' title='bbox 814 2876 896 2943; x_wconf 90' lang='grc'><strong>1842</strong></span> <span class='ocrx_word' id='word_1_174' title='bbox 910 2901 943 2965; x_wconf 91' lang='lat' dir='ltr'><strong>p.</strong></span> <span class='ocrx_word' id='word_1_175' title='bbox 951 2876 993 2941; x_wconf 82' lang='lat'><strong>36</strong></span> <span class='ocrx_word' id='word_1_176' title='bbox 1004 2899 1064 2962; x_wconf 79' lang='lat' dir='ltr'><strong>sq,</strong></span> <span class='ocrx_word' id='word_1_177' title='bbox 1080 2877 1136 2964; x_wconf 95' lang='lat' dir='ltr'><strong>qui</strong></span> <span class='ocrx_word' id='word_1_178' title='bbox 1151 2874 1234 2941; x_wconf 89' lang='lat' dir='ltr'><strong>adeo</strong></span> <span class='ocrx_word' id='word_1_179' title='bbox 1249 2898 1292 2941; x_wconf 84' lang='lat' dir='ltr'><strong>ex</strong></span> <span class='ocrx_word' id='word_1_180' title='bbox 1304 2876 1438 2942; x_wconf 86' lang='lat' dir='ltr'><strong>diversa</strong></span> 
     </span>
     <span class='ocr_line' id='line_1_21' title="bbox 290 2977 1438 3068; baseline 0 -25"><span class='ocrx_word' id='word_1_181' title='bbox 290 2980 554 3067; x_wconf 85' lang='lat' dir='ltr'><strong>interpunctione</strong></span> <span class='ocrx_word' id='word_1_182' title='bbox 577 2982 688 3047; x_wconf 88' lang='lat' dir='ltr'><strong>nescio</strong></span> <span class='ocrx_word' id='word_1_183' title='bbox 710 3002 794 3068; x_wconf 87' lang='lat' dir='ltr'><strong>quae</strong></span> <span class='ocrx_word' id='word_1_184' title='bbox 818 2979 901 3065; x_wconf 85' lang='lat' dir='ltr'><strong>legis</strong></span> <span class='ocrx_word' id='word_1_185' title='bbox 922 2978 964 3044; x_wconf 91' lang='lat' dir='ltr'><strong>de</strong></span> <span class='ocrx_word' id='word_1_186' title='bbox 986 2977 1062 3044; x_wconf 90' lang='lat' dir='ltr'><strong>dote</strong></span> <span class='ocrx_word' id='word_1_187' title='bbox 1087 2978 1292 3043; x_wconf 87' lang='lat' dir='ltr'><strong>restituenda</strong></span> <span class='ocrx_word' id='word_1_188' title='bbox 1311 2986 1438 3043; x_wconf 84' lang='lat' dir='ltr'><strong>statuta</strong></span> 
     </span>
     <span class='ocr_line' id='line_1_22' title="bbox 291 3080 1437 3177; baseline -0.003 -29"><span class='ocrx_word' id='word_1_189' title='bbox 291 3084 507 3171; x_wconf 78' lang='lat' dir='ltr'><strong>expiscetur),</strong></span> <span class='ocrx_word' id='word_1_190' title='bbox 525 3106 608 3177; x_wconf 83' lang='lat' dir='ltr'><strong>quae</strong></span> <span class='ocrx_word' id='word_1_191' title='bbox 622 3108 687 3150; x_wconf 91' lang='lat' dir='ltr'><strong>non</strong></span> <span class='ocrx_word' id='word_1_192' title='bbox 703 3093 753 3149; x_wconf 90' lang='lat' dir='ltr'><strong>est</strong></span> <span class='ocrx_word' id='word_1_193' title='bbox 767 3090 825 3148; x_wconf 93' lang='lat' dir='ltr'><strong>cur</strong></span> <span class='ocrx_word' id='word_1_194' title='bbox 841 3081 885 3146; x_wconf 89' lang='lat' dir='ltr'><strong>ad</strong></span> <span class='ocrx_word' id='word_1_195' title='bbox 899 3081 1087 3146; x_wconf 89' lang='lat' dir='ltr'><strong>institutum</strong></span> <span class='ocrx_word' id='word_1_196' title='bbox 1102 3080 1373 3166; x_wconf 82' lang='lat' dir='ltr'><strong>interpretatione</strong></span> <span class='ocrx_word' id='word_1_197' title='bbox 1394 3080 1437 3145; x_wconf 90' lang='lat' dir='ltr'><strong>le·</strong></span> 
     </span>
     <span class='ocr_line' id='line_1_23' title="bbox 290 3180 1437 3273; baseline -0.003 -23"><span class='ocrx_word' id='word_1_198' title='bbox 290 3185 339 3271; x_wconf 86' lang='lat' dir='ltr'><strong>gis</strong></span> <span class='ocrx_word' id='word_1_199' title='bbox 356 3194 465 3251; x_wconf 87' lang='lat' dir='ltr'><strong>ortum</strong></span> <span class='ocrx_word' id='word_1_200' title='bbox 480 3195 628 3273; x_wconf 86' lang='lat' dir='ltr'><strong>spectare</strong></span> <span class='ocrx_word' id='word_1_201' title='bbox 644 3186 800 3252; x_wconf 89' lang='lat' dir='ltr'><strong>dicamus.</strong></span> <span class='ocrx_word' id='word_1_202' title='bbox 830 3185 918 3267; x_wconf 77' lang='lat' dir='ltr'><strong>Quin</strong></span> <span class='ocrx_word' id='word_1_203' title='bbox 932 3184 1034 3249; x_wconf 88' lang='lat' dir='ltr'><strong>etiam</strong></span> <span class='ocrx_word' id='word_1_204' title='bbox 1049 3182 1154 3248; x_wconf 72' lang='lat' dir='ltr'><strong>(laius</strong></span> <span class='ocrx_word' id='word_1_205' title='bbox 1175 3183 1210 3245; x_wconf 91' lang='lat' dir='ltr'><strong>in</strong></span> <span class='ocrx_word' id='word_1_206' title='bbox 1225 3180 1310 3247; x_wconf 90' lang='lat' dir='ltr'><strong>libro</strong></span> <span class='ocrx_word' id='word_1_207' title='bbox 1325 3181 1379 3246; x_wconf 95' lang='grc' dir='ltr'><strong>ΠΙ</strong></span> <span class='ocrx_word' id='word_1_208' title='bbox 1394 3181 1437 3247; x_wconf 86' lang='lat' dir='ltr'><strong>ad</strong></span> 
     </span>
     <span class='ocr_line' id='line_1_24' title="bbox 290 3286 1517 3375; baseline -0.004 -24"><span class='ocrx_word' id='word_1_209' title='bbox 290 3286 398 3374; x_wconf 87' lang='lat' dir='ltr'><strong>legem</strong></span> <span class='ocrx_word' id='word_1_210' title='bbox 413 3286 484 3353; x_wconf 87' lang='lat' dir='ltr'><strong>XII</strong></span> <span class='ocrx_word' id='word_1_211' title='bbox 499 3288 591 3355; x_wconf 90' lang='lat' dir='ltr'><strong>tabb.</strong></span> <span class='ocrx_word' id='word_1_212' title='bbox 608 3288 665 3375; x_wconf 86' lang='lat' dir='ltr'><strong>(D.</strong></span> <span class='ocrx_word' id='word_1_213' title='bbox 680 3289 732 3370; x_wconf 91' lang='lat'><strong>48,</strong></span> <span class='ocrx_word' id='word_1_214' title='bbox 748 3290 777 3370; x_wconf 81' lang='lat'><strong>6,</strong></span> <span class='ocrx_word' id='word_1_215' title='bbox 792 3287 850 3373; x_wconf 84' lang='lat'><strong>43)</strong></span> <span class='ocrx_word' id='word_1_216' title='bbox 868 3294 907 3352; x_wconf 77' lang='lat' dir='ltr'><strong>‘a&#39;</strong></span> <span class='ocrx_word' id='word_1_217' title='bbox 919 3309 959 3351; x_wconf 80' lang='lat' dir='ltr'><strong>ex</strong></span> <span class='ocrx_word' id='word_1_218' title='bbox 973 3294 1052 3365; x_wconf 78' lang='lat' dir='ltr'><strong>lepc</strong></span> <span class='ocrx_word' id='word_1_219' title='bbox 1066 3290 1225 3365; x_wconf 82' lang='lat' dir='ltr'><strong>repudium</strong></span> <span class='ocrx_word' id='word_1_220' title='bbox 1240 3290 1359 3349; x_wconf 77' lang='lat' dir='ltr'><strong>missum</strong></span> <span class='ocrx_word' id='word_1_221' title='bbox 1374 3304 1433 3347; x_wconf 83' lang='lat' dir='ltr'><strong>non</strong></span> <span class='ocrx_word' id='word_1_222' title='bbox 1512 3297 1517 3305; x_wconf 86' lang='lat'><em>·</em></span> 
     </span>
     <span class='ocr_line' id='line_1_25' title="bbox 291 3386 1438 3477; baseline -0.003 -23"><span class='ocrx_word' id='word_1_223' title='bbox 291 3394 344 3455; x_wconf 81' lang='lat' dir='ltr'><strong>sit&#39;</strong></span> <span class='ocrx_word' id='word_1_224' title='bbox 361 3437 369 3455; x_wconf 96' lang='lat'><strong>.</strong></span> <span class='ocrx_word' id='word_1_225' title='bbox 388 3438 396 3455; x_wconf 90' lang='lat'><strong>.</strong></span> <span class='ocrx_word' id='word_1_226' title='bbox 413 3438 447 3455; x_wconf 94' lang='lat'><strong>..</strong></span> <span class='ocrx_word' id='word_1_227' title='bbox 469 3390 532 3456; x_wconf 90' lang='lat' dir='ltr'><strong>etsi</strong></span> <span class='ocrx_word' id='word_1_228' title='bbox 552 3390 658 3476; x_wconf 85' lang='lat' dir='ltr'><strong>legem</strong></span> <span class='ocrx_word' id='word_1_229' title='bbox 679 3391 797 3458; x_wconf 83' lang='lat' dir='ltr'><strong>iuliam</strong></span> <span class='ocrx_word' id='word_1_230' title='bbox 817 3390 927 3477; x_wconf 85' lang='lat' dir='ltr'><strong>potius</strong></span> <span class='ocrx_word' id='word_1_231' title='bbox 949 3388 1136 3475; x_wconf 81' lang='lat' dir='ltr'><strong>significare</strong></span> <span class='ocrx_word' id='word_1_232' title='bbox 1155 3386 1304 3470; x_wconf 83' lang='lat' dir='ltr'><strong>videtur,</strong></span> <span class='ocrx_word' id='word_1_233' title='bbox 1326 3396 1438 3452; x_wconf 86' lang='lat' dir='ltr'><strong>tamen</strong></span> 
     </span>
     <span class='ocr_line' id='line_1_26' title="bbox 291 3486 1436 3581; baseline -0.004 -23"><span class='ocrx_word' id='word_1_234' title='bbox 291 3494 366 3581; x_wconf 87' lang='lat' dir='ltr'><strong>ipsa</strong></span> <span class='ocrx_word' id='word_1_235' title='bbox 385 3493 557 3581; x_wconf 84' lang='lat' dir='ltr'><strong>inscriptio</strong></span> <span class='ocrx_word' id='word_1_236' title='bbox 580 3494 675 3559; x_wconf 84' lang='lat' dir='ltr'><strong>docet</strong></span> <span class='ocrx_word' id='word_1_237' title='bbox 696 3493 731 3556; x_wconf 91' lang='lat' dir='ltr'><strong>in</strong></span> <span class='ocrx_word' id='word_1_238' title='bbox 751 3492 823 3578; x_wconf 85' lang='lat' dir='ltr'><strong>lege</strong></span> <span class='ocrx_word' id='word_1_239' title='bbox 838 3491 909 3556; x_wconf 88' lang='lat' dir='ltr'><strong>XII</strong></span> <span class='ocrx_word' id='word_1_240' title='bbox 931 3492 971 3557; x_wconf 92' lang='lat' dir='ltr'><strong>de</strong></span> <span class='ocrx_word' id='word_1_241' title='bbox 993 3486 1137 3558; x_wconf 85' lang='lat' dir='ltr'><strong>divortio</strong></span> <span class='ocrx_word' id='word_1_242' title='bbox 1159 3490 1283 3578; x_wconf 90' lang='lat' dir='ltr'><strong>aliquid</strong></span> <span class='ocrx_word' id='word_1_243' title='bbox 1303 3498 1436 3555; x_wconf 86' lang='lat' dir='ltr'><strong>cautum</strong></span> 
     </span>
     <span class='ocr_line' id='line_1_27' title="bbox 291 3584 1435 3683; baseline -0.003 -23"><span class='ocrx_word' id='word_1_244' title='bbox 291 3596 404 3661; x_wconf 86' lang='lat' dir='ltr'><strong>fuisse.</strong></span> <span class='ocrx_word' id='word_1_245' title='bbox 422 3584 628 3683; x_wconf 79' lang='lat' dir='ltr'><strong>Quamquam</strong></span> <span class='ocrx_word' id='word_1_246' title='bbox 642 3596 678 3662; x_wconf 94' lang='lat' dir='ltr'><strong>id</strong></span> <span class='ocrx_word' id='word_1_247' title='bbox 692 3596 784 3661; x_wconf 92' lang='lat' dir='ltr'><strong>cuius</strong></span> <span class='ocrx_word' id='word_1_248' title='bbox 800 3596 930 3680; x_wconf 86' lang='lat' dir='ltr'><strong>generis</strong></span> <span class='ocrx_word' id='word_1_249' title='bbox 945 3594 1058 3676; x_wconf 86' lang='lat' dir='ltr'><strong>fuerit,</strong></span> <span class='ocrx_word' id='word_1_250' title='bbox 1073 3614 1135 3657; x_wconf 89' lang='lat' dir='ltr'><strong>nec</strong></span> <span class='ocrx_word' id='word_1_251' title='bbox 1148 3615 1259 3657; x_wconf 89' lang='lat' dir='ltr'><strong>meum</strong></span> <span class='ocrx_word' id='word_1_252' title='bbox 1272 3600 1324 3657; x_wconf 89' lang='lat' dir='ltr'><strong>est</strong></span> <span class='ocrx_word' id='word_1_253' title='bbox 1338 3614 1435 3679; x_wconf 86' lang='lat' dir='ltr'><strong>quaa·</strong></span> 
     </span>
     <span class='ocr_line' id='line_1_28' title="bbox 291 3694 1437 3785; baseline -0.004 -23"><span class='ocrx_word' id='word_1_254' title='bbox 291 3720 363 3763; x_wconf 91' lang='lat' dir='ltr'><strong>rere</strong></span> <span class='ocrx_word' id='word_1_255' title='bbox 379 3707 413 3763; x_wconf 91' lang='lat' dir='ltr'><strong>et</strong></span> <span class='ocrx_word' id='word_1_256' title='bbox 427 3699 613 3785; x_wconf 88' lang='lat' dir='ltr'><strong>quaerendo</strong></span> <span class='ocrx_word' id='word_1_257' title='bbox 629 3697 873 3764; x_wconf 85' lang='lat' dir='ltr'><strong>difficillimum.</strong></span> <span class='ocrx_word' id='word_1_258' title='bbox 900 3697 949 3767; x_wconf 77' lang='lat' dir='ltr'><strong>cf.¹</strong></span> <span class='ocrx_word' id='word_1_259' title='bbox 959 3695 1174 3762; x_wconf 88' lang='lat' dir='ltr'><strong>Waechterus</strong></span> <span class='ocrx_word' id='word_1_260' title='bbox 1190 3696 1224 3759; x_wconf 92' lang='lat' dir='ltr'><strong>in</strong></span> <span class='ocrx_word' id='word_1_261' title='bbox 1239 3696 1325 3762; x_wconf 93' lang='lat' dir='ltr'><strong>libro</strong></span> <span class='ocrx_word' id='word_1_262' title='bbox 1341 3694 1437 3759; x_wconf 72' lang='lat' dir='ltr'><strong>‘Usu</strong></span> 
     </span>
     <span class='ocr_line' id='line_1_29' title="bbox 292 3796 1437 3887; baseline -0.005 -22"><span class='ocrx_word' id='word_1_263' title='bbox 292 3798 589 3887; x_wconf 86' lang='lat' dir='ltr'><strong>Ehcscheidungen</strong></span> <span class='ocrx_word' id='word_1_264' title='bbox 608 3801 662 3867; x_wconf 92' lang='lat' dir='ltr'><strong>bei</strong></span> <span class='ocrx_word' id='word_1_265' title='bbox 678 3800 741 3865; x_wconf 89' lang='lat' dir='ltr'><strong>den</strong></span> <span class='ocrx_word' id='word_1_266' title='bbox 756 3800 915 3865; x_wconf 78' lang='lat' dir='ltr'><strong>Rdmern’</strong></span> <span class='ocrx_word' id='word_1_267' title='bbox 931 3822 963 3885; x_wconf 89' lang='lat' dir='ltr'><strong>p.</strong></span> <span class='ocrx_word' id='word_1_268' title='bbox 980 3798 1023 3863; x_wconf 87' lang='grc'><strong>68</strong></span> <span class='ocrx_word' id='word_1_269' title='bbox 1037 3820 1069 3864; x_wconf 90' lang='lat' dir='ltr'><strong>n.</strong></span> <span class='ocrx_word' id='word_1_270' title='bbox 1091 3797 1252 3862; x_wconf 84' lang='lat' dir='ltr'><strong>Klenzius</strong></span> <span class='ocrx_word' id='word_1_271' title='bbox 1267 3797 1302 3859; x_wconf 92' lang='lat' dir='ltr'><strong>in</strong></span> <span class='ocrx_word' id='word_1_272' title='bbox 1317 3796 1437 3860; x_wconf 90' lang='lat' dir='ltr'><strong>Annal.</strong></span> 
     </span>
     <span class='ocr_line' id='line_1_30' title="bbox 292 3898 1557 3989; baseline -0.006 -22"><span class='ocrx_word' id='word_1_273' title='bbox 292 3904 354 3969; x_wconf 88' lang='lat' dir='ltr'><strong>iur.</strong></span> <span class='ocrx_word' id='word_1_274' title='bbox 371 3903 487 3968; x_wconf 89' lang='lat' dir='ltr'><strong>scient.</strong></span> <span class='ocrx_word' id='word_1_275' title='bbox 502 3903 616 3969; x_wconf 85' lang='lat' dir='ltr'><strong>histor.</strong></span> <span class='ocrx_word' id='word_1_276' title='bbox 634 3903 703 3968; x_wconf 90' lang='lat' dir='ltr'><strong>VII</strong></span> <span class='ocrx_word' id='word_1_277' title='bbox 717 3926 749 3989; x_wconf 92' lang='lat' dir='ltr'><strong>p.</strong></span> <span class='ocrx_word' id='word_1_278' title='bbox 766 3902 808 3968; x_wconf 88' lang='grc'><strong>38</strong></span> <span class='ocrx_word' id='word_1_279' title='bbox 823 3910 891 3967; x_wconf 90' lang='lat' dir='ltr'><strong>not.</strong></span> <span class='ocrx_word' id='word_1_280' title='bbox 922 3901 1087 3965; x_wconf 85' lang='lat' dir='ltr'><strong>Bernerus</strong></span> <span class='ocrx_word' id='word_1_281' title='bbox 1102 3898 1124 3962; x_wconf 96' lang='lat' dir='ltr'><strong>l.</strong></span> <span class='ocrx_word' id='word_1_282' title='bbox 1139 3920 1167 3963; x_wconf 91' lang='lat' dir='ltr'><strong>c.</strong></span> <span class='ocrx_word' id='word_1_283' title='bbox 1182 3921 1215 3985; x_wconf 91' lang='lat' dir='ltr'><strong>p.</strong></span> <span class='ocrx_word' id='word_1_284' title='bbox 1231 3898 1273 3963; x_wconf 83' lang='lat'><strong>33</strong></span> <span class='ocrx_word' id='word_1_285' title='bbox 1289 3918 1360 3983; x_wconf 89' lang='lat' dir='ltr'><strong>sqq.</strong></span> <span class='ocrx_word' id='word_1_286' title='bbox 1555 3975 1557 3978; x_wconf 16' lang='grc' dir='ltr'>Ι</span> 
     </span>
    </p>

    <p class='ocr_par' dir='ltr' id='par_1_5' title="bbox 376 4004 1438 4092">
     <span class='ocr_line' id='line_1_31' title="bbox 376 4004 1438 4092; baseline -0.007 -22"><span class='ocrx_word' id='word_1_287' title='bbox 376 4006 611 4092; x_wconf 83' lang='lat' dir='ltr'><strong>Fragmentum</strong></span> <span class='ocrx_word' id='word_1_288' title='bbox 626 4004 714 4071; x_wconf 94' lang='lat' dir='ltr'>VIII</span> <span class='ocrx_word' id='word_1_289' title='bbox 727 4005 771 4069; x_wconf 89' lang='grc'><strong>24</strong></span> <span class='ocrx_word' id='word_1_290' title='bbox 785 4011 825 4069; x_wconf 77' lang='lat' dir='ltr'><strong>‘si</strong></span> <span class='ocrx_word' id='word_1_291' title='bbox 838 4011 926 4069; x_wconf 83' lang='lat' dir='ltr'><strong>telum</strong></span> <span class='ocrx_word' id='word_1_292' title='bbox 941 4023 1032 4067; x_wconf 83' lang='lat' dir='ltr'><strong>mauu</strong></span> <span class='ocrx_word' id='word_1_293' title='bbox 1044 4005 1128 4080; x_wconf 78' lang='lat' dir='ltr'><strong>sapit</strong></span> <span class='ocrx_word' id='word_1_294' title='bbox 1140 4006 1237 4079; x_wconf 68' lang='lat' dir='ltr'><strong>mapa</strong></span> <span class='ocrx_word' id='word_1_295' title='bbox 1251 4019 1343 4078; x_wconf 78' lang='lat' dir='ltr'><strong>quum</strong></span> <span class='ocrx_word' id='word_1_296' title='bbox 1356 4004 1438 4064; x_wconf 80' lang='lat' dir='ltr'><strong>iecit&#39;</strong></span> 
     </span>
    </p>
   </div>
   <div class='ocr_carea' id='block_1_4' title="bbox 188 4098 1436 4197">
    <p class='ocr_par' dir='ltr' id='par_1_6' title="bbox 188 4098 1436 4197">
     <span class='ocr_line' id='line_1_32' title="bbox 188 4098 1436 4197; baseline -0.009 -21"><span class='ocrx_word' id='word_1_297' title='bbox 188 4098 194 4111; x_wconf 69' lang='grc'><strong>’</strong></span> <span class='ocrx_word' id='word_1_298' title='bbox 293 4108 421 4197; x_wconf 85' lang='lat' dir='ltr'><strong>pridem</strong></span> <span class='ocrx_word' id='word_1_299' title='bbox 442 4118 556 4175; x_wconf 88' lang='lat' dir='ltr'><strong>notum</strong></span> <span class='ocrx_word' id='word_1_300' title='bbox 576 4132 619 4174; x_wconf 85' lang='lat' dir='ltr'><strong>ex</strong></span> <span class='ocrx_word' id='word_1_301' title='bbox 634 4109 802 4174; x_wconf 84' lang='lat' dir='ltr'><strong>Ciceronis</strong></span> <span class='ocrx_word' id='word_1_302' title='bbox 819 4108 902 4193; x_wconf 86' lang='lat' dir='ltr'><strong>Top.</strong></span> <span class='ocrx_word' id='word_1_303' title='bbox 921 4107 977 4188; x_wconf 80' lang='lat'><strong>17,</strong></span> <span class='ocrx_word' id='word_1_304' title='bbox 993 4105 1035 4170; x_wconf 89' lang='grc'><strong>64</strong></span> <span class='ocrx_word' id='word_1_305' title='bbox 1056 4113 1088 4170; x_wconf 91' lang='lat' dir='ltr'><strong>et</strong></span> <span class='ocrx_word' id='word_1_306' title='bbox 1107 4104 1149 4169; x_wconf 92' lang='lat' dir='ltr'><strong>de</strong></span> <span class='ocrx_word' id='word_1_307' title='bbox 1169 4100 1436 4183; x_wconf 82' lang='lat' dir='ltr'><strong>or.11139‚158</strong></span> 
     </span>
    </p>
   </div>
   <div class='ocr_carea' id='block_1_5' title="bbox 293 4201 1530 4814">
    <p class='ocr_par' dir='ltr' id='par_1_7' title="bbox 293 4201 1530 4814">
     <span class='ocr_line' id='line_1_33' title="bbox 294 4201 1441 4299; baseline -0.006 -24"><span class='ocrx_word' id='word_1_308' title='bbox 294 4233 368 4277; x_wconf 91' lang='lat' dir='ltr'><strong>cum</strong></span> <span class='ocrx_word' id='word_1_309' title='bbox 387 4220 471 4299; x_wconf 42' lang='lat' dir='ltr'><strong>post,</strong></span> <span class='ocrx_word' id='word_1_310' title='bbox 486 4210 612 4278; x_wconf 81' lang='lat' dir='ltr'><strong>Cuiacii</strong></span> <span class='ocrx_word' id='word_1_311' title='bbox 632 4211 852 4279; x_wconf 89' lang='lat' dir='ltr'><strong>dubitationes</strong></span> <span class='ocrx_word' id='word_1_312' title='bbox 870 4207 983 4295; x_wconf 89' lang='lat' dir='ltr'><strong>(Obss.</strong></span> <span class='ocrx_word' id='word_1_313' title='bbox 1001 4207 1056 4288; x_wconf 83' lang='lat'><strong>19,</strong></span> <span class='ocrx_word' id='word_1_314' title='bbox 1083 4207 1137 4290; x_wconf 88' lang='lat'><strong>10)</strong></span> <span class='ocrx_word' id='word_1_315' title='bbox 1159 4201 1384 4277; x_wconf 79' lang='lat' dir='ltr'><strong>Gothofredus</strong></span> <span class='ocrx_word' id='word_1_316' title='bbox 1406 4212 1441 4268; x_wconf 90' lang='lat' dir='ltr'><strong>et</strong></span> 
     </span>
     <span class='ocr_line' id='line_1_34' title="bbox 293 4305 1438 4401; baseline -0.006 -23"><span class='ocrx_word' id='word_1_317' title='bbox 293 4314 480 4380; x_wconf 85' lang='lat' dir='ltr'><strong>Dirksenus</strong></span> <span class='ocrx_word' id='word_1_318' title='bbox 496 4314 674 4381; x_wconf 89' lang='lat' dir='ltr'><strong>abiecerint</strong></span> <span class='ocrx_word' id='word_1_319' title='bbox 689 4314 746 4401; x_wconf 86' lang='lat' dir='ltr'><strong>(D.</strong></span> <span class='ocrx_word' id='word_1_320' title='bbox 759 4334 792 4401; x_wconf 88' lang='lat' dir='ltr'><strong>p.</strong></span> <span class='ocrx_word' id='word_1_321' title='bbox 803 4312 894 4396; x_wconf 63' lang='lat' dir='ltr'><strong>olet:</strong></span> <span class='ocrx_word' id='word_1_322' title='bbox 912 4333 1018 4397; x_wconf 89' lang='lat' dir='ltr'><strong>nuper</strong></span> <span class='ocrx_word' id='word_1_323' title='bbox 1033 4309 1164 4373; x_wconf 91' lang='lat' dir='ltr'><strong>demum</strong></span> <span class='ocrx_word' id='word_1_324' title='bbox 1179 4307 1302 4373; x_wconf 85' lang='lat' dir='ltr'><strong>diserto</strong></span> <span class='ocrx_word' id='word_1_325' title='bbox 1318 4305 1438 4373; x_wconf 86' lang='lat' dir='ltr'><strong>oratio-</strong></span> 
     </span>
     <span class='ocr_line' id='line_1_35' title="bbox 294 4406 1439 4505; baseline -0.008 -24"><span class='ocrx_word' id='word_1_326' title='bbox 294 4416 345 4481; x_wconf 91' lang='lat' dir='ltr'><strong>nis</strong></span> <span class='ocrx_word' id='word_1_327' title='bbox 359 4439 393 4505; x_wconf 88' lang='lat' dir='ltr'><strong>p.</strong></span> <span class='ocrx_word' id='word_1_328' title='bbox 411 4416 521 4483; x_wconf 83' lang='lat' dir='ltr'><strong>Tullio</strong></span> <span class='ocrx_word' id='word_1_329' title='bbox 536 4416 723 4482; x_wconf 88' lang='lat' dir='ltr'><strong>testimonio</strong></span> <span class='ocrx_word' id='word_1_330' title='bbox 740 4416 806 4502; x_wconf 83' lang='lat'><strong>(21,</strong></span> <span class='ocrx_word' id='word_1_331' title='bbox 822 4414 878 4499; x_wconf 86' lang='lat'><strong>51)</strong></span> <span class='ocrx_word' id='word_1_332' title='bbox 895 4421 1100 4500; x_wconf 88' lang='lat' dir='ltr'><strong>compertum</strong></span> <span class='ocrx_word' id='word_1_333' title='bbox 1114 4418 1165 4475; x_wconf 89' lang='lat' dir='ltr'><strong>est</strong></span> <span class='ocrx_word' id='word_1_334' title='bbox 1178 4431 1295 4495; x_wconf 88' lang='lat' dir='ltr'><strong>reapse</strong></span> <span class='ocrx_word' id='word_1_335' title='bbox 1309 4430 1353 4473; x_wconf 88' lang='lat' dir='ltr'><strong>cx</strong></span> <span class='ocrx_word' id='word_1_336' title='bbox 1367 4406 1439 4493; x_wconf 89' lang='lat' dir='ltr'><strong>lege</strong></span> 
     </span>
     <span class='ocr_line' id='line_1_36' title="bbox 295 4508 1438 4585; baseline -0.009 -2"><span class='ocrx_word' id='word_1_337' title='bbox 295 4540 376 4584; x_wconf 87' lang='lat' dir='ltr'><strong>esse.</strong></span> <span class='ocrx_word' id='word_1_338' title='bbox 391 4516 488 4585; x_wconf 89' lang='lat' dir='ltr'><strong>Unde</strong></span> <span class='ocrx_word' id='word_1_339' title='bbox 502 4519 568 4585; x_wconf 92' lang='lat' dir='ltr'><strong>iam</strong></span> <span class='ocrx_word' id='word_1_340' title='bbox 583 4528 839 4584; x_wconf 89' lang='lat' dir='ltr'><strong>consentaneum</strong></span> <span class='ocrx_word' id='word_1_341' title='bbox 854 4528 904 4583; x_wconf 92' lang='lat' dir='ltr'><strong>est</strong></span> <span class='ocrx_word' id='word_1_342' title='bbox 920 4513 1071 4581; x_wconf 90' lang='lat' dir='ltr'><strong>concludi</strong></span> <span class='ocrx_word' id='word_1_343' title='bbox 1082 4513 1180 4578; x_wconf 84' lang='lat' dir='ltr'><strong>etiam</strong></span> <span class='ocrx_word' id='word_1_344' title='bbox 1188 4512 1278 4576; x_wconf 86' lang='lat' dir='ltr'><strong>necis</strong></span> <span class='ocrx_word' id='word_1_345' title='bbox 1290 4508 1438 4585; x_wconf 78' lang='lat' dir='ltr'><strong>consulte</strong></span> 
     </span>
     <span class='ocr_line' id='line_1_37' title="bbox 295 4611 1438 4709; baseline -0.008 -24"><span class='ocrx_word' id='word_1_346' title='bbox 295 4621 487 4687; x_wconf 88' lang='lat' dir='ltr'><strong>commissae</strong></span> <span class='ocrx_word' id='word_1_347' title='bbox 501 4642 640 4709; x_wconf 89' lang='lat' dir='ltr'><strong>poenam</strong></span> <span class='ocrx_word' id='word_1_348' title='bbox 659 4620 733 4707; x_wconf 86' lang='lat' dir='ltr'><strong>lege</strong></span> <span class='ocrx_word' id='word_1_349' title='bbox 749 4626 898 4686; x_wconf 88' lang='lat' dir='ltr'><strong>sanctam</strong></span> <span class='ocrx_word' id='word_1_350' title='bbox 919 4640 999 4683; x_wconf 89' lang='lat' dir='ltr'><strong>esse.</strong></span> <span class='ocrx_word' id='word_1_351' title='bbox 1031 4615 1106 4698; x_wconf 78' lang='lat' dir='ltr'><strong>Quo</strong></span> <span class='ocrx_word' id='word_1_352' title='bbox 1129 4635 1203 4679; x_wconf 90' lang='lat' dir='ltr'><strong>cum</strong></span> <span class='ocrx_word' id='word_1_353' title='bbox 1223 4611 1314 4679; x_wconf 86' lang='lat' dir='ltr'><strong>valet</strong></span> <span class='ocrx_word' id='word_1_354' title='bbox 1326 4612 1438 4679; x_wconf 87' lang='lat' dir='ltr'><strong>brevis</strong></span> 
     </span>
     <span class='ocr_line' id='line_1_38' title="bbox 296 4710 1530 4814; baseline -0.007 -26"><span class='ocrx_word' id='word_1_355' title='bbox 296 4723 382 4814; x_wconf 84' lang='lat' dir='ltr'><strong>apud</strong></span> <span class='ocrx_word' id='word_1_356' title='bbox 397 4722 541 4792; x_wconf 89' lang='lat' dir='ltr'><strong>Plinium</strong></span> <span class='ocrx_word' id='word_1_357' title='bbox 556 4726 676 4794; x_wconf 90' lang='lat' dir='ltr'><strong>mentio</strong></span> <span class='ocrx_word' id='word_1_358' title='bbox 692 4721 816 4793; x_wconf 87' lang='lat' dir='ltr'>XVIII</span> <span class='ocrx_word' id='word_1_359' title='bbox 827 4722 858 4806; x_wconf 81' lang='lat'><strong>3,</strong></span> <span class='ocrx_word' id='word_1_360' title='bbox 872 4720 913 4787; x_wconf 84' lang='lat'><strong>12</strong></span> <span class='ocrx_word' id='word_1_361' title='bbox 929 4726 1074 4800; x_wconf 71' lang='lat' dir='ltr'><strong>‘Frepcm</strong></span> <span class='ocrx_word' id='word_1_362' title='bbox 1089 4722 1208 4799; x_wconf 79' lang='lat' dir='ltr'><strong>quidem</strong></span> <span class='ocrx_word' id='word_1_363' title='bbox 1222 4723 1328 4781; x_wconf 80' lang='lat' dir='ltr'><strong>aratro</strong></span> <span class='ocrx_word' id='word_1_364' title='bbox 1342 4735 1439 4795; x_wconf 79' lang='lat' dir='ltr'><strong>quoc-</strong></span> <span class='ocrx_word' id='word_1_365' title='bbox 1525 4710 1530 4715; x_wconf 83' lang='grc'>’</span> 
     </span>
    </p>
   </div>
   <div class='ocr_carea' id='block_1_6' title="bbox 0 0 1869 5634">
    <p class='ocr_par' dir='ltr' id='par_1_8' title="bbox 0 0 1869 5634">
     <span class='ocr_line' id='line_1_39' title="bbox 0 0 1869 5634; baseline 0 0"><span class='ocrx_word' id='word_1_366' title='bbox 0 0 1869 5634; x_wconf 95' lang='lat' dir='ltr'><strong> </strong></span> 
     </span>
    </p>
   </div>
  </div>
 </body>
</html>
