3709 5634
428 623 487 691 106
665 634 668 643 ’
844 634 1157 701 oncvrovnurvn.

511 796 582 861 lam
599 815 678 860 vero
695 816 773 857 num
795 790 1030 858 absolutum
1047 790 1102 876 qui
1125 789 1246 854 dieitur
1265 788 1491 855 ablativum
1509 793 1568 854 ‘ui-

426 904 482 962 nco
504 901 682 977 quandoque
700 900 817 974 surptu'
837 894 1023 980 incomptae
1046 891 1266 957 decemvirum
1287 892 1387 957 aetati
1406 892 1569 979 imputare

425 998 539 1081 liceat,
555 1019 594 1063 ea
609 998 649 1063 de
665 1020 700 1061 re
714 995 924 1062 vehementer
939 994 1064 1061 dubito.
1101 996 1212 1080 Atque
1226 1015 1309 1058 unus
1325 992 1459 1081 quidem
1479 1016 1569 1080 repe·

391 1138 393 1143 κ
425 1102 509 1166 ritur
529 1104 563 1165 in
579 1099 771 1185 fragmentis
783 1099 852 1165 abl.
874 1095 1045 1164 absolutus
1061 1096 1115 1161 ΙΙΙ
1131 1096 1148 1159 1
1165 1099 1265 1159 ‘Aeris
1285 1100 1416 1174 confessi
1433 1100 1568 1161 rebus-

425 1224 493 1282 que
508 1206 691 1267 iudicatis
706 1197 806 1288 (Gell.
818 1199 885 1264 XV
899 1200 953 1287 13)
969 1222 993 1263 s.
1010 1202 1194 1277 rebusque
1208 1205 1292 1263 iure
1305 1203 1494 1264 iudicatis
1509 1198 1568 1283 (id.

425 1304 496 1369 XX
512 1303 545 1391 1)
566 1308 667 1367 XXX
684 1308 748 1367 dies
767 1308 836 1367 iusti
854 1308 961 1367 sunto?
1009 1301 1056 1366 At
1076 1299 1181 1387 qualis
1210 1309 1260 1366 est
1279 1301 1345 1367 ista
1366 1300 1566 1367 coniunctio:

426 1412 535 1471 ‘Aeris
559 1410 700 1483 confessi
723 1409 896 1484 rebusque
916 1403 1117 1467 Iudioutis'?
1140 1405 1210 1469 Aut
1229 1404 1285 1490 qui
1305 1412 1415 1490 potest
1437 1402 1569 1469 omnino

425 1508 596 1595 genetivus
619 1517 714 1595 aptus
731 1507 871 1592 cogitari
891 1528 911 1569 a
926 1508 1037 1568 ‘XXX
1048 1509 1124 1569 dies'
1141 1542 1179 1553 -
1195 1505 1284 1592 quod
1297 1504 1404 1571 voluit
1417 1505 1569 1591 Schweg-

425 1610 512 1675 lerus
534 1610 578 1675 H.
594 1610 633 1675 R.
651 1608 705 1675 III
719 1632 752 1695 p.
767 1609 809 1674 36
824 1631 855 1672 n.
875 1646 917 1653 —
937 1605 996 1671 tali
1017 1606 1163 1673 membro
1186 1627 1430 1694 supervacaneo
1450 1608 1568 1695 impor-

425 1722 503 1778 tune
518 1712 733 1799 interposito?
771 1710 836 1775 Sed
852 1710 1002 1775 conferas
1018 1730 1141 1797 quaeso
1163 1709 1282 1795 quibus
1297 1708 1409 1776 verbis
1430 1732 1502 1775 rem
1517 1710 1568 1775 de·

426 1813 541 1879 scribit
557 1812 682 1879 Gellius
699 1812 768 1877 XX
786 1814 820 1895 1,
835 1812 878 1875 42
898 1814 1046 1888 ‘Confessi
1065 1818 1157 1890 icitur
1172 1818 1254 1875 aeris
1268 1832 1306 1877 ac
1326 1816 1445 1877 uetiti
1466 1816 1568 1877 iudi-

426 1924 525 1981 catis
550 1918 649 1979 XXX
669 1919 733 1979 dies
757 1925 826 1978 suut
850 1920 916 1979 deti
938 1918 1159 1993 conquirendae
1182 1920 1330 1993 pecuniae
1356 1921 1480 1979 curesu’:
1504 1914 1569 1979 iam

426 2016 595 2102 intelleges
611 2016 736 2104 pariter
750 2018 785 2080 in
800 2015 871 2101 lege
888 2021 1053 2081 ‘iudicetis’
1080 2016 1227 2081 dativum
1242 2038 1314 2082 esse
1335 2016 1379 2082 ad
1399 2038 1568 2102 personas,

425 2136 573 2201 nonme,
603 2127 805 2204 spectantem
826 2129 859 2184 et
880 2117 957 2185 inde
982 2118 1126 2205 pendere
1144 2120 1243 2182 ‘ueris
1261 2120 1441 2206 coufessI’¹)
1471 2158 1513 2168 —-
1534 2127 1570 2183 ut

425 2220 514 2307 apud
528 2219 662 2286 Livium
677 2220 727 2286 VI
744 2222 784 2285 14
799 2225 1016 2286 ‘Centurionem
1030 2225 1155 2286 nobilem
1169 2225 1375 2286 iudicatum
1386 2227 1570 2301 pecuniae

425 2342 492 2387 cum
507 2326 579 2387 duci
592 2327 731 2399 uidisset',
748 2323 873 2389 XXIII
886 2325 927 2388 14
942 2331 1061 2403 ‘quique
1073 2330 1260 2404 pecuniae
1273 2327 1402 2389 iudice
1412 2330 1441 2389 u·
1453 2331 1486 2389 iu
1501 2331 1569 2390 uin-

425 2431 501 2491 culis
525 2432 642 2489 esseut!
680 2424 779 2507 Quod
803 2425 1016 2492 confirmatur
1030 2427 1096 2492 Gai
1120 2425 1306 2492 testimonio
1328 2424 1382 2490 IlI
1403 2427 1445 2492 78
1470 2430 1569 2491 ‘Boua

426 2536 525 2591 autem
539 2537 666 2591 veneunt
683 2565 726 2576 -
746 2535 813 2593 item
828 2534 1082 2593 iudicatorum
1091 2542 1162 2609 post
1175 2537 1288 2608 tempus
1301 2532 1400 2629 quod
1413 2537 1467 2594 eis
1478 2550 1569 2609 pur·
1689 2567 1690 2576 κ

425 2637 487 2696 tim
509 2636 588 2709 leue
602 2633 686 2694 XII
701 2635 916 2695 tubulorum
932 2638 1047 2712 purtim
1062 2636 1159 2696 edicto
1170 2638 1321 2711 praetoris
1341 2636 1385 2696 ed
1403 2637 1569 2712 expedien-
1689 2627 1690 2636 ’

426 2738 497 2796 dum
509 2738 669 2813 pecuniam
683 2736 844 2797 tributtur!
866 2734 908 2798 D.
924 2734 984 2816 44,
999 2735 1035 2817 3,
1051 2735 1072 2797 2
1094 2740 1137 2798 ‘iu
1152 2744 1283 2814 tempore
1296 2741 1451 2800 constituto
1465 2738 1569 2798 iudi-

425 2842 538 2900 cutts'
554 2858 581 2901 e.
598 2857 630 2922 q.
646 2859 672 2899 s.
710 2835 916 2922 Quamquam
931 2834 1083 2921 pluralis,
1104 2858 1202 2923 quem
1217 2837 1348 2923 quidem
1363 2836 1491 2902 Gellius
1514 2857 1570 2923 per

426 2946 530 3004 totam
544 2938 766 3003 narrationem
781 2947 907 3019 servat,
931 2939 966 3001 in
980 2937 1053 3023 lege
1068 2940 1142 3025 ipsa
1156 2939 1215 3005 vix
1229 2939 1391 3005 extiterit:
1419 2940 1514 3006 euius
1529 2960 1569 3004 ex

426 3062 516 3105 more
531 3063 615 3106 unus
631 3040 768 3125 fingitur
783 3040 913 3107 debitor
927 3041 962 3103 in
976 3041 1081 3105 hisce:
1106 3047 1148 3104 ‘iu
1163 3047 1210 3105 ius
1229 3046 1338 3106 duale.
1361 3049 1395 3107 ru'
1407 3046 1569 3106 iudicatum

424 3147 515 3220 suclt'
531 3164 559 3207 e.
575 3166 606 3228 q·
622 3165 648 3207 s.
674 3146 842 3222 ‘rebusque’
858 3143 962 3227 igitur
976 3142 1151 3209 manifesto
1172 3142 1254 3208 ferri
1268 3143 1397 3231 nequit:
1425 3144 1515 3231 quod
1529 3166 1569 3209 ex
1688 3157 1689 3160 ’

427 3249 597 3325 ‘debitique’
623 3245 802 3310 secundum
828 3247 972 3331 priorem
997 3245 1107 3311 locum
1136 3244 1188 3309 hic
1214 3267 1342 3333 quoque
1367 3247 1476 3333 posito
1503 3268 1568 3311 cor-

427 3357 559 3434 ruptum
579 3355 668 3412 recte
690 3346 865 3413 videbatur
886 3347 1021 3438 Oiselio.
1065 3346 1106 3411 Id
1126 3357 1235 3412 autem
1256 3349 1326 3414 sive
1349 3346 1476 3413 Gellius
1501 3349 1569 3435 ipse

428 3447 557 3514 addidit
572 3449 659 3532 sive,
686 3450 774 3535 quod
788 3449 956 3536 praefero,
977 3449 1222 3536 interpolatoris
1237 3472 1370 3515 manus:
1393 3450 1500 3537 alege
1515 3451 1568 3517 ab·
1687 3479 1688 3485 ¹

428 3554 561 3617 horrere
575 3550 767 3635 languidum
782 3552 1040 3618 additamentum
1055 3552 1179 3638 pariter
1193 3562 1291 3639 atque
1307 3560 1396 3617 ‘ture'
1418 3553 1507 3640 quod
1526 3550 1569 3617 al·

427 3663 498 3719 tero
514 3651 615 3718 Gellii
629 3653 701 3719 loco
717 3676 757 3719 ne
773 3665 942 3742 comparet
956 3654 1088 3741 quidem
1103 3655 1321 3721 certissimum
1336 3663 1396 3720 est.
1433 3657 1485 3720 Ae
1500 3678 1569 3742 pos·
1687 3691 1688 3698 κ

429 3756 472 3821 sit
498 3753 616 3842 aliquis
637 3756 798 3841 suspicari
819 3758 917 3821 etiam
942 3761 1112 3821 ‘iudicatis’
1136 3756 1206 3823 sive
1221 3756 1316 3822 malis
1331 3760 1498 3822 ‘iudicato'
1514 3756 1569 3822 ali·

429 3856 560 3945 quando
575 3857 820 3944 perspicuitatis
837 3881 956 3925 caussa
970 3858 1134 3923 adiectum
1150 3881 1238 3942 esse,
1260 3881 1334 3925 cum
1350 3883 1393 3925 ex
1413 3858 1486 3945 lege
1501 3859 1571 3925 XII

429 3960 500 4025 sine
512 3982 671 4047 personae
686 3960 852 4027 mentione
867 3958 1059 4047 simpliciter
1073 3961 1187 4026 fuerit:
1216 3966 1315 4027 ‘Aeris
1333 3966 1464 4039 confessi
1476 3965 1572 4027 XXX
1686 4011 1687 4016 η

429 4066 494 4127 dies
507 4068 578 4127 iusti
590 4076 684 4126 sunto.
708 4067 778 4129 Post
792 4067 901 4129 deiude
914 4083 1022 4127 monus
1035 4068 1154 4129 iniectio
1166 4073 1248 4129 esto?
1269 4110 1272 4114 ψ

514 4163 631 4251 Itaque
645 4186 686 4229 ne
700 4163 756 4230 illo
771 4166 905 4253 quidem
919 4164 992 4231 loeo
1007 4167 1111 4230 ‘oneo
1124 4171 1245 4246 surptu'
1261 4166 1426 4233 ablativus
1440 4187 1570 4253 magno

429 4286 507 4353 pere
523 4288 558 4331 se
574 4267 796 4333 commendat:
823 4276 860 4333 ut
875 4266 928 4334 vel
943 4267 1046 4333 tutius
1062 4277 1137 4355 post
1153 4273 1292 4349 ‘surpta’
1306 4268 1408 4333 fuisse
1423 4275 1529 4333 ‘escit’
1544 4292 1569 4332 s.

379 4363 381 4368 ’
430 4374 509 4433 ‘erit’
529 4374 563 4415 '-
581 4392 646 4434 non
661 4375 729 4445 (εἰῇ,
745 4378 783 4435 ut
798 4370 883 4435 male
895 4370 1077 4435 Gosmanus
1094 4408 1145 4453 —,
1162 4370 1287 4437 aFesto
1302 4372 1570 4459 praetermissum

430 4478 606 4535 statuatur.
638 4470 723 4536 Nam
745 4472 786 4538 de
806 4472 879 4564 ipsa
900 4494 936 4536 re
962 4494 1095 4559 prorsus
1116 4474 1284 4540 consentio
1305 4496 1378 4539 oum
1398 4471 1570 4539 Huschkio

501 4691 521 4758 ¹)
539 4692 573 4746 de
591 4694 644 4748 hoc
662 4695 698 4751 ef.
710 4696 871 4749 Huschkius
889 4696 922 4747 de
940 4697 999 4748 iure
1012 4698 1076 4748 nexi
1093 4714 1120 4764 p.
1134 4699 1166 4750 13
1178 4714 1207 4753 n;
1216 4699 1259 4751 16,
1277 4697 1353 4750 Stud.
1365 4698 1415 4752 iur.
1428 4698 1461 4750 R.
1473 4712 1500 4765 p.
1512 4698 1568 4749 tut.
1685 4707 1686 4770 5
