3709 5634
428 623 468 686 72
836 634 948 685 cnrvr
971 632 1149 694 stsrvu.

427 792 534 880 possit
549 790 591 855 de
607 789 810 871 vindicibus,
833 788 874 853 de
894 787 1013 875 quibus
1028 784 1216 850 Dirksenus
1237 785 1366 872 accepit
1384 808 1417 871 p.
1436 781 1524 868 123(
1543 783 1567 848 f.

427 891 618 959 Rudorffius
634 890 678 956 H.
693 892 716 955 i.
732 914 758 957 r.
775 890 793 955 I
807 914 839 977 p.
857 889 944 976 105),
960 888 1096 953 nimiam
1110 886 1165 952 ille
1180 886 1410 953 auctoritatem
1421 886 1567 952 tribuens

428 995 596 1060 nominum
612 994 720 1061 ordini
735 993 822 1080 apud
839 990 984 1057 Gellium
999 990 1040 1055 N.
1058 990 1099 1055 A.
1116 988 1202 1053 XVI
1218 988 1268 1072 10,
1286 990 1305 1053 8
1322 994 1392 1053 ‘sea
1411 995 1489 1053 euim
1503 1010 1587 1075 eum·

425 1102 586 1178 proletarii
598 1107 627 1161 et
641 1101 757 1161 assidui
769 1106 798 1161 et
810 1105 929 1159 sanates
944 1107 972 1159 et
987 1098 1077 1157 vades
1090 1114 1116 1157 e.
1134 1114 1162 1171 q.
1177 1114 1202 1156 s.
1217 1098 1429 1157 evanuerint’:
1450 1100 1507 1155 aut
1528 1090 1570 1155 sd

430 1209 586 1265 sextam
607 1197 771 1281 tabulam,
789 1194 1067 1285 quemadmodum
1089 1195 1162 1281 ipse
1182 1191 1377 1259 Huschkius
1401 1192 1507 1260 voluit
1529 1231 1570 1241 —-

430 1302 471 1369 cf.
486 1300 537 1365 VI
554 1303 570 1365 1
588 1309 666 1365 ‘oum
680 1321 791 1365 nexum
802 1304 902 1377 saciet
920 1302 1172 1377 mancipiumque
1189 1333 1230 1345 —-
1244 1305 1317 1379 aut,
1333 1296 1423 1383 quod
1437 1294 1491 1361 vel
1505 1318 1570 1359 ma-

429 1404 481 1489 gis
497 1402 638 1485 arridet,
655 1402 699 1467 ad
713 1425 791 1469 non
800 1424 859 1467 am
873 1400 998 1489 publici
1012 1400 1092 1465 iuris
1107 1397 1254 1465 tabulam
1275 1420 1351 1463 cum
1366 1398 1570 1466 Gothofredo

429 1505 492 1571 erit
506 1504 680 1569 referenda
695 1503 753 1590 (cf.
768 1505 859 1569 Fest.
874 1526 907 1590 p.
922 1503 997 1568 321.
1013 1501 1101 1586 348).

515 1606 581 1673 Sed
596 1606 685 1693 quod
701 1606 788 1689 dixi,
805 1614 838 1671 et
853 1607 888 1669 in
902 1606 954 1669 his
975 1613 1009 1669 et
1028 1605 1064 1668 in
1078 1602 1258 1687 similibus,
1281 1624 1365 1690 quse
1380 1625 1455 1669 cum
1468 1603 1570 1669 incer-

429 1710 514 1775 tiora
535 1710 617 1792 sint,
639 1731 725 1774 nunc
745 1716 929 1795 praetereo,
951 1705 1033 1769 nihil
1054 1706 1094 1771 de
1113 1704 1275 1770 Dirkseni
1297 1704 1413 1771 ordine
1433 1706 1569 1771 mutavi:

428 1812 495 1877 nisi
510 1811 598 1898 quod
613 1810 746 1878 conubii
760 1810 927 1875 interdicti
948 1808 1170 1893 fragmentum
1192 1808 1281 1894 quod
1301 1830 1401 1873 unum
1422 1809 1458 1873 in
1472 1808 1569 1873 unde

322 1958 337 1973 .
430 1914 515 1978 eima
534 1912 650 1979 tabula
668 1914 779 1999 posuit
793 1912 998 1993 Dirksenus,
1018 1912 1052 1974 iu
1073 1910 1298 1976 duodecimam
1316 1910 1489 1993 transtuli,
1510 1932 1570 1998 quo

430 2015 488 2079 illa
503 2015 599 2080 fastis
620 2023 691 2081 tota
710 2024 848 2101 pateret.
877 2014 1073 2101 Ubicunque
1093 2021 1203 2079 autem
1224 2036 1435 2080 numerorum
1457 2013 1572 2078 seriem

430 2117 691 2185 Dirksenianam
712 2117 857 2199 deserui,
885 2116 956 2182 eius
984 2138 1154 2181 numerum
1176 2115 1329 2181 cancellis
1356 2125 1507 2202 saeptum
1531 2114 1572 2180 ad

430 2241 539 2285 meum
554 2218 702 2307 apposui.

765 2644 937 2722 CAPVT
975 2644 1236 2737 QVARTVM.

431 2869 494 2961 llll
518 2868 586 2963 ΧΗ
604 2864 907 2964 TABVLARVM
931 2867 1169 2982 ltllLlQllllS
1187 2867 1572 2965 CONSllTVllNlllS.

516 3087 588 3153 Iam
613 3088 871 3173 fragmentorum
899 3101 1059 3177 quatenus
1080 3089 1153 3155 fieri
1172 3090 1278 3177 possit
1298 3090 1574 3158 restituendorum

432 3212 514 3277 opus
531 3210 745 3275 aggressurus
760 3182 831 3255 rein
845 3193 893 3256 ita
908 3214 1016 3277 agam,
1027 3200 1065 3257 ut
1079 3192 1235 3256 universa
1249 3192 1391 3256 omnium
1407 3214 1573 3279 compara·

433 3293 521 3357 tione
535 3292 626 3356 facta
646 3312 730 3377 quae
750 3292 827 3357 inde
847 3292 890 3359 ad
911 3295 1085 3381 pristinam
1105 3293 1188 3379 legis
1209 3294 1434 3372 condicionem
1453 3294 1574 3360 rectius

433 3390 696 3479 cognoscendam
721 3394 906 3460 redundent
932 3396 1044 3460 statim
1064 3397 1238 3461 subiciam:
1261 3398 1295 3462 id
1315 3396 1402 3485 quod
1429 3397 1458 3460 si
1484 3397 1575 3483 prius
1636 3414 1649 3423 ’

431 3496 557 3560 factum
572 3502 668 3578 esset,
682 3503 715 3561 et
729 3496 847 3561 multos
862 3498 1033 3563 hominum
1048 3498 1217 3564 doctorum
1230 3498 1423 3563 emendandi
1437 3508 1573 3565 conatus

434 3596 547 3663 statim
561 3596 739 3683 reprimere
754 3606 787 3663 et
802 3597 880 3664 locis
896 3599 952 3687 qui
971 3600 1141 3687 hucusque
1162 3600 1227 3667 visi
1248 3611 1324 3666 sunt
1345 3600 1480 3685 integri,
1502 3599 1575 3667 vitii

432 3706 546 3765 notam
561 3698 758 3785 adspergere
774 3700 927 3767 debebat.

431 3928 511 3977 ctus”
524 3898 693 3990 scripserit)
719 3924 812 3977 Valer.
837 3925 919 3984 Max.
936 3930 1099 3992 personatus
1122 3926 1156 3977 de
1179 3942 1274 3993 praen.
1292 3927 1307 3988 ἓ
1326 3928 1342 3977 5
1359 3943 1385 3993 p.
1397 3928 1447 3978 746
1463 3928 1574 3994 Kompl.

434 4010 483 4076 (cf.
507 4008 645 4075 Bergkius
667 4010 736 4059 Mus.
759 4010 800 4063 rh.
822 4010 861 4061 1v
885 4011 945 4073 121)
968 4010 1047 4061 ‘Olim
1068 4012 1132 4061 enim
1154 4012 1287 4063 dicebatur
1309 4012 1488 4074 fracmentum,
1512 4030 1580 4066 nuuc,

432 4092 524 4159 {aau?)
544 4094 708 4157 frumentum,
728 4100 754 4145 et
773 4095 874 4159 seratur
891 4111 943 4146 aaa
957 4096 1044 4159 fertur
1062 4095 1225 4160 (frumentum
1247 4097 1361 4161 ecfertur
1379 4096 1438 4148 cod.
1456 4097 1533 4163 Vnt.)
1551 4107 1576 4148 ee

347 4249 350 4254 Ι
430 4180 525 4243 foratis
542 4195 593 4231 aaa
607 4178 701 4243 sartis’
722 4218 727 4231 .
748 4214 754 4229 .
775 4218 782 4234 .
817 4180 891 4229 Hine
909 4180 1010 4231 Festus
1027 4180 1144 4232 liberius
1162 4198 1188 4246 p.
1206 4183 1257 4233 348
1275 4184 1375 4248 ‘itaque
1394 4184 1419 4231 in
1436 4182 1499 4233 XII
1517 4200 1575 4233 eau-

433 4271 483 4314 tum
501 4271 540 4314 est
556 4271 583 4313 ut
600 4265 666 4313 idem
683 4264 747 4314 iuris
764 4273 832 4315 esset
850 4265 986 4316 Sanatibus
1008 4269 1078 4332 quod
1093 4268 1261 4325 Forctibus,
1284 4268 1314 4317 ia
1334 4274 1373 4317 est
1394 4267 1467 4317 bouis
1490 4276 1516 4318 et
1533 4270 1575 4334 qui

433 4364 561 4413 numquam
580 4349 730 4412 defecerant
753 4364 776 4397 a
792 4366 821 4414 p.
841 4350 884 4400 It’
920 4350 1045 4417 Apparet
1066 4353 1153 4417 igitur
1174 4352 1353 4403 vetustiorem
1374 4351 1492 4402 formam
1514 4367 1574 4403 esse

431 4435 532 4498 sarolus
551 4447 572 4481 ι.
588 4432 817 4503 formelbormm)
840 4434 1023 4486 recentiorem
1042 4438 1137 4500 foratis
1160 4441 1188 4486 et
1207 4437 1295 4501 fortas.
1334 4437 1464 4488 Genetivi
1482 4441 1573 4488 autem

433 4519 462 4567 in
480 4517 544 4583 lege
568 4516 664 4568 eadem
688 4521 732 4569 est
753 4522 893 4571 structura
916 4535 988 4584 quse
1010 4521 1040 4569 in
1057 4521 1120 4587 lege
1138 4522 1260 4572 Antonia
1277 4520 1311 4572 de
1329 4522 1525 4573 Termensibus
1544 4521 1572 4574 C.

432 4604 454 4654 I.
474 4602 505 4652 L.
525 4602 621 4653 20411
639 4604 671 4653 27
689 4618 729 4669 sq.
749 4606 826 4655 ‘idem
847 4606 874 4655 ia
892 4606 986 4656 eisdem
1002 4605 1078 4657 rebus
1096 4608 1173 4657 loreis
1190 4609 1277 4672 apres's
1294 4608 1433 4672 aedificies
1456 4609 1574 4673 oppidem

437 4687 604 4739 Parmensium
621 4688 741 4740 maiarum
757 4690 903 4741 &maurum
919 4692 975 4743 iaus
992 4698 1067 4743 esto.’
1084 4697 1086 4699 ’
