3709 5634
661 708 833 767 nonaria
857 708 958 761 sams
982 708 1207 760 ranonaura.
1438 692 1499 757 163

552 1018 790 1185 auraria
827 1084 973 1184 snus
997 1087 1304 1185 FRAGMENTA.

915 1346 943 1408 1.

442 1466 559 1529 Festus
574 1488 606 1551 p.
622 1464 681 1529 166
697 1463 743 1529 Μ.
766 1463 981 1529 ‘Nanxitor
1000 1465 1036 1529 in
1063 1458 1134 1529 XII
1155 1470 1270 1528 nactus
1293 1463 1366 1546 erit,
1389 1482 1503 1549 praen-

357 1568 460 1632 derit'
485 1566 647 1652 (nancitor
667 1571 733 1631 cod.
755 1586 835 1631 corr.
850 1570 882 1631 0.
899 1571 1075 1631 Muellerus.
1097 1566 1263 1631 nanositor
1286 1569 1446 1629 Corsseaus
1467 1569 1505 1627 de

359 1674 469 1734 Erunt.
484 1673 536 1733 I5
557 1672 597 1732 II
613 1680 652 1732 38
672 1672 764 1747 obloq.
795 1672 974 1734 Mommseno
995 1673 1074 1732 Mus.
1096 1673 1181 1732 rhen.
1202 1672 1271 1730 XV
1288 1666 1378 1750 404).

442 1771 483 1837 of.
506 1794 540 1857 p.
555 1770 617 1835 277
633 1771 832 1835 renanoitur.
863 1774 902 1833 Ia
921 1774 967 1848 fr.
991 1776 1050 1834 V5
1073 1776 1218 1834 immerito
1231 1778 1412 1849 receperunt
1424 1773 1503 1831 Fre-

356 1878 429 1937 uero
443 1884 564 1937 auctore
581 1876 782 1950 Gothosreclus
796 1884 825 1936 et
838 1876 1019 1952 Dirlcsenus,
1041 1876 1085 1935 od
1097 1876 1168 1937 XII
1182 1883 1200 1936 2
1215 1877 1234 1950 (
1232 1881 1262 1953 1)
1283 1875 1381 1949 refert
1396 1875 1504 1934 Brau-

356 1982 418 2040 sz'us
440 1981 547 2041 Fontes
569 1982 627 2039 iar.
651 1980 736 2040 Rom.
760 1984 822 2039 ont.
844 1995 875 2055 p.
892 1985 938 2038 15.

912 2128 934 2192 2

442 2246 559 2314 Festus
575 2270 607 2334 p.
624 2248 686 2313 258
701 2248 746 2312 Μ.
772 2248 829 2333 (of.
847 2246 969 2312 Paulus
989 2270 1023 2335 p.
1038 2248 1115 2334 259)
1140 2251 1305 2324 ‘Quando
1326 2267 1393 2312 cum
1412 2253 1507 2325 praui

357 2371 430 2413 aare
449 2351 693 2431 pronuntiatur,
723 2349 887 2435 significat
914 2356 1010 2433 quod,
1039 2356 1192 2428 quonium,
1219 2361 1249 2414 et
1269 2360 1313 2412 est
1330 2356 1503 2417 coniunctio,

357 2458 480 2531 quoodo
506 2463 596 2517 uculo
622 2462 749 2517 accentu
776 2464 820 2516 est
851 2453 1008 2538 temporis
1043 2452 1238 2518 aduerbium
1267 2501 1275 2516 .
1301 2501 1309 2516 .
1333 2500 1341 2516 .
1369 2452 1403 2514 in
1433 2451 1504 2515 XII

357 2553 490 2640 quidem
513 2576 619 2617 oumo
642 2556 674 2639 (e
694 2557 760 2617 Ura.
785 2553 940 2640 dMuell.)
964 2554 1076 2619 littera
1089 2553 1206 2618 ultima
1226 2552 1381 2619 scribitur
1401 2552 1503 2617 idem-

358 2678 421 2741 que
443 2655 628 2740 oignifioat?
756 2734 759 2741 .

913 2758 943 2824 3.

443 2878 562 2942 Festus
579 2898 610 2963 p.
627 2876 690 2940 309
711 2875 755 2939 Μ.
786 2875 871 2941 ‘Sub
894 2899 954 2941 uos
976 2874 1070 2963 placo
1098 2878 1133 2941 in
1159 2876 1312 2963 precibus
1339 2876 1409 2941 fere
1430 2898 1504 2941 oum

359 2979 492 3060 dieitur,
511 2977 676 3062 significat
698 2977 733 3041 id
755 2976 843 3063 quod
865 2977 1025 3064 supplico,
1048 2978 1134 3042 utin
1156 2978 1285 3062 legibus
1308 2988 1504 3066 transque

360 3082 452 3145 dato
475 3090 508 3145 et
530 3079 679 3165 endoque
700 3076 852 3164 plorato?

443 3182 489 3246 id.
513 3204 544 3267 p.
560 3180 623 3245 352
646 3184 780 3243 ‘Troas
802 3186 891 3245 dato
912 3181 1034 3248 notauit
1049 3182 1163 3246 Aelius
1185 3182 1220 3245 in
1241 3183 1312 3247 XII
1327 3182 1505 3266 significare

359 3289 497 3350 trudito!

446 3390 494 3449 Ad
513 3390 565 3448 IX
586 3396 605 3447 4
628 3390 677 3465 (5)
700 3391 778 3449 mole
801 3391 953 3450 reuocauit
975 3390 1141 3450 Dirlcsenos
1160 3407 1191 3465 p.
1216 3394 1287 3468 499,
1315 3391 1360 3450 od
1387 3390 1450 3451 VII
1472 3398 1505 3449 11

362 3492 570 3565 Gothosredas.
602 3490 723 3551 Rectius
744 3491 782 3551 de
804 3492 860 3551 tob.
893 3491 938 3551 VJ
956 3494 1077 3567 coques.

914 3643 936 3704 4

443 3758 594 3823 Donatus
618 3756 661 3823 ad
683 3758 758 3823 Tor.
782 3759 867 3823 Eun.
891 3758 944 3825 III
966 3761 1003 3841 3,
1027 3760 1048 3823 9
1070 3759 1180 3825 ‘dolo
1207 3758 1309 3824 malo
1332 3760 1411 3824 haec
1434 3761 1504 3824 fiori

358 3860 481 3945 omnia]
507 3856 603 3941 Quod
620 3868 728 3924 autam
744 3859 873 3925 addidit
896 3859 1057 3943 “malo'',
1080 3872 1137 3928 aut
1151 3862 1324 3941 dpxuicpdc
1345 3871 1404 3945 est,
1428 3863 1506 3948 quia

359 3964 407 4027 sio
428 3962 463 4025 in
485 3960 556 4025 XII
571 3962 693 4026 tabulis
716 3962 917 4028 auotoribus
934 3964 1091 4049 scriptum
1115 3972 1178 4044 ost,
1199 3972 1255 4028 aut
1270 3964 1417 4029 ἐπίθετον
1439 3962 1505 4027 doli

358 4073 410 4128 est
431 4070 641 4149 perpetuum’
665 4086 692 4127 0.
710 4086 739 4149 q.
757 4086 781 4128 s.

420 4170 493 4228 'Aa
521 4169 603 4229 VIII
617 4176 659 4236 ‚20
680 4173 860 4231 rettulerunt
882 4169 1018 4243 Gothosr.
1044 4170 1147 4231 Dirlcs.

913 4319 945 4383 5.

445 4435 559 4502 Cicero
583 4434 623 4501 de
645 4458 713 4523 rep.
735 4435 770 4501 II
792 4436 844 4519 31,
867 4437 910 4501 54
933 4438 1092 4523 ‘itemque
1114 4438 1157 4503 ab
1182 4438 1271 4503 omni
1285 4438 1407 4503 iudicio
1430 4459 1503 4524 poe-

359 4560 465 4625 naque
491 4539 664 4625 prouocari
692 4538 788 4602 licere
815 4538 962 4603 indicant
993 4539 1101 4605 ·XII·
1131 4538 1265 4605 tabulae
1292 4539 1504 4626 conpluribus

359 4639 390 4703 le
414 4641 423 4701 i
448 4645 510 4703 ua’

391 4640 495 4804 gbAd
524 4745 604 4805 ΓΙΙῙ
625 4754 661 4805 25
685 4744 752 4820 (ΙΧ
772 4752 803 4822 4)
826 4754 857 4806 et
876 4744 929 4805 IX
950 4755 968 4805 2
988 4751 1100 4809 notavit
1121 4749 1221 4807 Diris.

1236 4848 1300 4913 11*
