3709 5634
420 621 461 685 96
837 630 950 679 cnrvr
973 628 1149 690 avuurvu.

308 852 314 857 .
420 810 476 854 aaa
487 793 589 855 aderit
598 796 652 851 aut
665 806 780 851 caasa
796 794 849 849 aaa
858 792 949 864 calpa
959 789 1043 848 asta':
1058 793 1095 848 ut
1106 782 1141 847 in
1152 781 1334 847 recentiore
1345 802 1408 845 usu
1421 784 1565 846 ‘caussa’

419 890 620 978 respondeat
635 890 664 955 ei
681 887 767 975 quod
783 890 818 953 in
831 886 903 971 lege
919 896 990 951 erat
1006 886 1157 951 ‘vitium'

504 991 632 1059 Eodem
648 999 757 1055 autem
772 990 842 1056 loco
859 989 948 1077 quod
964 992 1065 1065 ‘suat'
1081 1010 1140 1075 pro
1157 990 1249 1064 ‘fait'
1271 1008 1292 1051 a
1306 985 1473 1071 Scaligero
1496 1009 1566 1052 mu·

420 1105 531 1162 tuatus
548 1104 598 1159 est
614 1094 654 1159 Ο.
669 1092 863 1175 Muellerus,
891 1114 957 1157 non
980 1091 1047 1155 iam
1067 1099 1117 1155 est
1139 1111 1198 1154 cur
1217 1088 1340 1154 multus
1361 1090 1424 1153 sim
1438 1089 1473 1153 in
1494 1109 1566 1153 con-

420 1194 820 1281 iunctivo'redarguendo.
858 1195 909 1259 Ae
929 1215 971 1258 ne
995 1214 1114 1259 caussa
1133 1191 1268 1279 quidem
1288 1190 1478 1256 offensionis
1500 1190 1567 1255 ulla

421 1307 569 1386 apparet,
582 1320 654 1362 cum
671 1297 726 1362 lex
740 1295 918 1383 perfecti
933 1316 1030 1360 usum
1044 1294 1179 1359 minime
1193 1305 1343 1381 respuat:
1361 1295 1404 1359 cf.
1418 1292 1520 1358 XII4
1531 1297 1569 1357 ‘si

421 1406 583 1466 vindiciam
596 1403 709 1477 falsam
724 1406 815 1472 talit',
844 1397 897 1462 ΙΙΙ
918 1399 938 1462 6
960 1405 1004 1461 ‘u'
1021 1404 1091 1476 plus
1111 1403 1243 1463 minusue
1262 1404 1444 1461 moueant?
1482 1396 1566 1461 Nam

422 1525 499 1567 sane
516 1502 578 1566 duo
593 1501 655 1565 loci
671 1499 858 1588 excipiendi
874 1510 951 1565 sunt
965 1498 1036 1564 XII
1051 1500 1072 1564 3
1093 1506 1133 1563 ‘st'
1145 1521 1249 1565 saram
1266 1503 1385 1577 sartam
1402 1502 1491 1576 faxit
1509 1519 1566 1563 aa·
1590 1559 1597 1572 ,

294 1614 299 1627 '
421 1612 540 1670 aiamve
554 1608 669 1669 aaaad'
686 1612 718 1668 et
732 1601 818 1666 VIII
834 1602 854 1665 2
870 1605 908 1665 ‘sa'
921 1606 1081 1666 membrum
1096 1609 1192 1684 rapa,
1208 1608 1242 1667 ai
1254 1623 1322 1667 aum
1336 1621 1371 1666 ea
1381 1607 1479 1681 pacit,
1496 1607 1568 1665 talia

420 1714 503 1773 asta!
541 1707 690 1788 Quorum
712 1703 814 1769 altero
835 1704 901 1768 iam
917 1702 1006 1791 quod
1020 1705 1189 1790 praecedit
1203 1706 1309 1781 ‘faxit’
1323 1703 1460 1769 Pithceo
1476 1702 1568 1768 favet

421 1815 562 1874 ‘mouit'
578 1808 806 1895 reponenti-
824 1828 907 1892 quae
924 1807 1031 1871 forma
1052 1816 1085 1871 et
1099 1829 1143 1872 ex
1161 1806 1282 1872 Lucilii
1301 1828 1401 1872 versu
1423 1806 1566 1871 innotuit

422 1912 555 2000 (Festus
571 1934 604 1998 p.
620 1910 683 1975 360
698 1933 728 1974 v.
745 1908 846 1992 tama)
864 1916 986 1988 ‘taquam
1001 1930 1041 1973 aa
1053 1917 1177 1987 existat,
1189 1916 1333 1991 papulae,
1348 1919 1441 1987 tama,
1458 1929 1497 1972 aa
1511 1912 1566 1971 boa

422 2020 522 2078 aaait'
546 2022 578 2077 et
599 2034 641 2077 ex
660 2012 836 2077 Frontonis
858 2010 902 2075 ad
921 2010 967 2075 M.
991 2010 1166 2077 Caesarem
1187 2033 1238 2099 ep.
1261 2010 1316 2076 III
1337 2011 1376 2076 13
1396 2032 1429 2097 p.
1451 2008 1493 2074 78
1514 2008 1563 2073 ed.

422 2116 516 2181 Rom.
540 2120 591 2178 ‘aa
609 2120 701 2194 piscis
725 2120 826 2192 aliqua
851 2121 972 2179 naama?
1008 2115 1050 2179 cf.
1072 2114 1195 2201 Papiae
1215 2112 1260 2199 gl.
1283 2118 1387 2177 ‘noxit
1404 2123 1499 2177 noant
1518 2112 1564 2191 (I)

422 2223 528 2283 aocet!
565 2202 692 2281 Placidi
719 2215 762 2300 gl.
792 2238 825 2302 p.
848 2216 911 2281 486
937 2216 982 2281 M.
1011 2223 1113 2282 ‘nouit
1136 2222 1229 2281 maxia
1254 2226 1298 2280 ast
1323 2214 1411 2294 (siti)
1438 2221 1486 2280 ael
1508 2235 1564 2277 aa·

422 2327 512 2385 ceat'

507 2422 579 2487 Iam
594 2418 696 2485 altero
712 2420 784 2485 loco
800 2421 972 2506 quominus
988 2426 1092 2502 ‘rapit’
1107 2421 1279 2508 probetur,
1300 2421 1449 2508 inprimis
1465 2422 1564 2508 impe·

423 2524 472 2590 dit
485 2522 575 2587 Festi
589 2522 701 2608 glossa
714 2544 747 2608 p.
763 2521 826 2586 265
840 2521 1021 2587 rectissime
1043 2545 1063 2588 a
1077 2523 1279 2590 Mommseno
1300 2522 1379 2589 illuc
1397 2532 1561 2589 revocata

421 2626 488 2693 Ubi
503 2624 590 2713 quod
605 2623 704 2709 vulgo
719 2624 840 2709 legitur
856 2628 1008 2705 ‘Rupilias
1022 2634 1054 2690 ia
1070 2630 1137 2689 XII
1147 2632 1297 2703 manifimt
1311 2631 1454 2690 dammum
1469 2632 1564 2691 dede-
1689 2647 1690 2686 1

422 2735 479 2794 rit'
496 2726 632 2793 mirifice
647 2727 814 2821 hominum
830 2725 1000 2814 doctorum
1015 2750 1152 2793 acumen
1174 2726 1333 2794 exercuit:
1357 2750 1442 2815 quae
1462 2730 1564 2796 verba

422 2854 495 2896 cum
510 2852 553 2895 ex
566 2828 731 2916 prioribus
747 2829 870 2895 criticis
886 2829 1021 2916 quidam
1039 2829 1125 2895 inter
1145 2853 1180 2895 se
1199 2829 1373 2895 conciliare
1395 2829 1564 2897 studerent

422 2932 475 2997 vel
490 2936 650 2997 ‘dederas'
666 2932 720 2996 vel
734 2939 902 3013 ‘rapitiat'
925 2941 1070 2997 correcto
1085 2971 1128 2982 —
1142 2931 1267 2997 scilicet
1281 2931 1363 2996 nihil
1383 2934 1504 2999 morati
1518 2934 1563 2997 in-

422 3034 569 3099 auditam
589 3032 690 3099 futuri
710 3035 940 3101 formationem
961 3072 999 3082 -
1020 3034 1215 3100 recentiores
1236 3033 1305 3099 fere
1331 3036 1565 3121 acquieverunt
1688 3097 1689 3106 ,

421 3137 456 3200 in
470 3136 617 3202 Dacierii
632 3137 785 3223 opinione
800 3136 963 3203 excidisse
979 3134 1104 3223 aliquid
1118 3146 1194 3223 post
1209 3142 1370 3217 rapimur,
1389 3138 1563 3217 velut-‘sa-
1688 3131 1689 3160 ¹

422 3244 503 3304 ait':
518 3248 556 3303 ut
576 3238 640 3303 huc
659 3248 813 3304 revocato
834 3238 904 3305 loco
920 3262 953 3325 p.
970 3239 1033 3303 323
1048 3243 1177 3304 ‘sarcita
1198 3246 1229 3302 im
1250 3243 1319 3303 XII
1332 3242 1398 3304 Sar.
1414 3242 1565 3321 Sulpicius

422 3350 465 3407 ait
478 3348 650 3421 siaaifiaare
668 3346 810 3405 dammam
830 3349 948 3418 samaa,
967 3349 1139 3421 praestata’
1161 3341 1379 3427 fragmentum
1404 3342 1563 3408 eiusmodi

423 3444 592 3513 efficerent
613 3450 759 3523 ‘rupilius
781 3452 832 3521 qai
849 3448 937 3520 sarcit
950 3466 977 3509 s.
994 3451 1047 3523 aaa·
1068 3448 1296 3522 iniuriosam,
1313 3452 1440 3510 sarmm’
1461 3446 1506 3511 cf.
1523 3446 1560 3511 0.

422 3545 534 3611 Muell.
558 3545 600 3609 ad
620 3544 652 3609 h.
669 3544 690 3608 l.
707 3544 900 3610 Huschkius
923 3546 1062 3611 ‘Gaius'
1084 3568 1117 3632 p.
1135 3546 1196 3609 106
1217 3546 1352 3633 (Annal.
1368 3548 1431 3615 iur.
1447 3549 1561 3614 scient.

331 3680 334 3687 ·
421 3649 535 3714 histor.
552 3647 641 3713 XIII
656 3647 717 3712 261
733 3671 764 3711 n.
783 3649 847 3733 17).
873 3648 961 3730 Quin
976 3648 1059 3713 mira
1074 3648 1184 3713 omnia
1199 3647 1240 3713 de
1254 3649 1321 3715 ista
1335 3650 1364 3714 si
1377 3650 1440 3715 Dis
1456 3650 1563 3737 placet

422 3751 546 3838 rupitia
570 3788 612 3797 -
638 3773 737 3838 quam
767 3744 849 3817 adeo
875 3751 1044 3817 Ciceronis
1070 3750 1172 3817 Bruto
1198 3773 1226 3816 c.
1250 3751 1294 3817 34
1316 3752 1499 3839 impertivit
1522 3791 1563 3801 -

422 3853 615 3919 Huschkius
635 3854 812 3919 somniavit
832 3852 1003 3919 Rudorffio
1026 3854 1145 3918 comite
1159 3853 1218 3939 (H.
1239 3854 1261 3917 i.
1277 3876 1304 3919 r.
1324 3854 1361 3919 Π
1379 3855 1443 3920 359
1463 3879 1496 3922 n.
1515 3858 1560 3941 l):

422 3978 522 4043 quam
536 3955 660 4043 placuit
674 3957 817 4043 priscum
832 3957 973 4021 iniuriae
987 3977 1089 4040 genus
1109 3956 1214 4020 fuisse
1234 3966 1267 4022 et
1286 3978 1390 4043 usque
1409 3958 1452 4023 ad
1474 3958 1562 4024 dam·

422 4080 500 4125 num
514 4058 586 4143 lege
602 4057 735 4145 Aquilia
749 4057 972 4124 introductum
987 4057 1178 4124 obtinuisse.
1220 4061 1266 4123 At
1279 4068 1317 4123 ut
1331 4059 1483 4125 omittam
1498 4060 1562 4126 tale

388 4170 632 4247 ‘praeceptum
657 4160 692 4224 in
717 4161 908 4225 universum
933 4160 1179 4245 pronuntiatum
1204 4161 1336 4225 minime
1364 4163 1562 4249 respondere
1685 4191 1686 4230 ς

422 4260 493 4325 XII
513 4261 699 4328 tabularum
713 4262 832 4327 indoli:
858 4262 989 4327 omnino
1009 4284 1120 4327 carere
1141 4282 1313 4349 possumus
1333 4263 1384 4329 his
1404 4265 1561 4353 interpre-

421 4362 515 4427 tandi
530 4363 689 4429 artificiis.
720 4364 804 4429 Nam
820 4386 894 4429 cum
908 4362 1018 4430 Keilio
1033 4373 1115 4429 teste
1130 4372 1195 4429 ‘ia'
1211 4375 1289 4431 ante
1304 4370 1400 4430 ‘XII’
1416 4389 1437 4432 a
1451 4368 1561 4433 codice

422 4464 526 4546 absit,
547 4465 631 4530 bene
651 4466 872 4531 Mommsenus
892 4466 979 4531 Mus.
1000 4468 1091 4531 rhen.
1114 4466 1180 4531 XV
1201 4468 1265 4533 464
1286 4470 1561 4555 praepositionem

422 4566 523 4631 latere
537 4568 572 4633 in
587 4578 741 4654 corrupta
761 4591 842 4635 vace
863 4576 1023 4649 ‘rupitias'
1038 4570 1216 4657 perspexit.
1245 4570 1337 4635 Idem
1357 4580 1468 4635 tamen
1488 4593 1560 4635 cum

423 4675 517 4749 ‘rapit
530 4674 574 4733 ἐπ’
591 4678 713 4736 statuat
729 4671 887 4757 scriptmn
902 4680 1000 4757 atque
1016 4672 1092 4737 inde
1113 4673 1320 4759 potissimum
1334 4683 1560 4758 argumentum
