3709 5634
427 674 486 739 132
899 682 1043 741 'rantur'
1061 694 1092 740 v.

943 833 949 848 ’
978 846 1008 909 9.

509 946 591 1012 cod.
613 948 643 1028 3,
667 948 719 1029 36,
743 948 772 1012 6.
797 949 880 1033 Imp.
897 947 1087 1012 Gordianus
1110 949 1151 1013 A.
1169 948 1348 1033 Pomponio
1364 945 1472 1012 militi.
1508 946 1571 1010 ‘Ea

424 1071 507 1135 quae
529 1050 564 1111 in
586 1047 772 1114 nominibus
795 1059 871 1114 sunt
892 1072 960 1114 non
981 1049 1144 1135 recipiunt
1166 1049 1377 1131 diuisionem,
1401 1070 1475 1112 eum
1498 1048 1570 1133 ipso

423 1151 495 1215 iure
516 1150 549 1214 in
571 1151 737 1237 portiones
764 1150 981 1216 hereditarias
1010 1173 1052 1215 ex
1079 1150 1152 1235 lege
1181 1150 1355 1216 duodecim
1382 1148 1572 1216 tabularum

425 1252 534 1317 diuisa
556 1258 659 1317 sunt'

959 1359 977 1396 *

510 1456 615 1539 Gaius
644 1454 756 1521 LVII
783 1456 826 1520 ad
854 1456 905 1521 ed.
934 1356 1035 1543 predii·
1061 1456 1139 1541 Dig.
1165 1455 1263 1537 10,·2
1287 1454 1461 1539 (Familiae
1493 1454 1571 1518 erci-

425 1559 601 1645 scundae),
628 1559 645 1621 1
669 1580 718 1645 pr.
764 1556 873 1623 ‘Haec
896 1558 982 1622 actio
1004 1556 1224 1644 proficiscitur
1252 1580 1270 1621 e
1297 1555 1370 1641 lege
1398 1555 1596 1656 duodecim,

424 1773 545 1829 tronum,
569 1768 594 1817 si
616 1766 767 1815 intestatus
789 1769 909 1815 mortuus
935 1768 1010 1815 esset
1030 1764 1148 1815 libertus
1171 1763 1247 1813 nullo
1265 1778 1314 1813 suo
1339 1761 1443 1813 herede
1461 1762 1572 1813 relicto’

427 1870 450 1903 e.
465 1868 492 1917 q.
505 1868 528 1903 s.
549 1852 584 1905 ef.
594 1843 639 1902 ’46
652 1853 693 1903 49.
707 1852 747 1901 51.
778 1852 846 1919 lust.
860 1850 928 1900 Inst.
943 1851 965 1907 1.
980 1852 1011 1900 17
1024 1848 1123 1913 (Gaius
1135 1852 1203 1902 Inst.
1215 1849 1229 1897 I
1242 1848 1301 1911 166)
1319 1848 1373 1897 ‘Ex
1393 1846 1492 1897 eadem
1511 1847 1572 1913 lege

426 1938 481 1987 XII
498 1937 657 1987 tabularum
674 1934 836 1986 libertorum
855 1939 883 1984 et
900 1935 1064 1985 libertarum
1086 1934 1177 1985 tutela
1201 1934 1237 1983 ad
1258 1937 1391 1998 patronos
1412 1932 1572 1997 liberosque

425 2038 519 2073 eorum
535 2022 670 2087 pertinet,
696 2034 767 2083 quac
792 2020 899 2086 etipsa
922 2019 1050 2084 legitima
1068 2019 1156 2069 tutela
1173 2021 1289 2069 uocatur
1307 2053 1423 2070 .....
1443 2033 1476 2067 eo
1500 2018 1572 2067 enim

422 2108 483 2173 ipso
503 2105 573 2171 quod
584 2105 755 2156 hereditates
768 2104 928 2154 libertorum
946 2103 1174 2169 libertorumque,
1194 2104 1220 2153 si
1230 2103 1361 2153 intestati
1372 2101 1572 2161 decessissent,

379 2186 382 2195 '
424 2193 545 2242 iusserat
562 2189 608 2241 lex
627 2188 662 2239 ad
680 2192 811 2254 patronos
829 2188 968 2239 lIberosue
988 2204 1081 2239 eorum
1099 2189 1251 2253 pertinere,
1272 2186 1451 2240 crediderunt
1461 2193 1572 2237 ueteres

424 2276 545 2327 uoluisse
562 2274 654 2340 legem
673 2274 756 2327 etiam
769 2272 873 2323 tutelas
892 2272 927 2323 ad
945 2288 993 2323 cos
1012 2274 1163 2338 pertinere’
1182 2289 1206 2326 e.
1220 2288 1245 2336 q.
1259 2287 1281 2322 s.
1300 2272 1440 2336 leianus
1453 2273 1521 2337 Dig.
1532 2273 1572 2343 26,

423 2363 449 2425 4,
469 2364 485 2411 3
503 2376 544 2425 pr.
562 2361 577 2420 ξ
596 2357 619 2411 1.
655 2358 824 2423 Theophilus
843 2358 907 2410 Par.
926 2357 1092 2407 1.1.ταατα
1114 2356 1183 2421 περὶ
1202 2355 1340 2418 εὐγενῶν·
1363 2354 1458 2406 ἐλθὼν
1481 2355 1513 2406 δὲ
1535 2352 1573 2407 εἰ(

425 2442 493 2495 τοὺ(
512 2440 718 2506 ἀπελευθέρου(
737 2441 819 2493 εἶπεν
832 2440 883 2505 (sc.
897 2441 912 2491 ὁ
925 2440 1181 2506 δυωδεκάδελτοε)·
1200 2440 1250 2491 ἐὰν
1267 2439 1462 2504 ἀπελεύθερος
1475 2440 1493 2505 ἢ
1508 2440 1573 2491 ἀπε-

426 2526 545 2592 λευθέρα
563 2525 677 2577 ἄπαιδες
696 2526 741 2578 uui
760 2525 900 2578 ἄδιάθετοι
917 2524 1137 2590 τελευτήεωειν,
1160 2525 1215 2590 τήν
1237 2524 1355 2577 τούτων
1378 2523 1573 2590 κληρονομίαν

425 2612 453 2665 οἱ
471 2610 635 2676 πάτρωνεε,
654 2610 745 2674 ἤγουν
763 2608 790 2662 οἱ
808 2610 906 2662 παῖδε(
923 2612 985 2660 τῶν
1003 2609 1167 2674 πατρώνων
1184 2608 1367 2674 διαδέχονται
1390 2611 1506 2676 Fragm.
1519 2612 1572 2661 Va·

425 2700 521 2765 tieaua
534 2698 549 2759 ξ
562 2697 612 2748 308
630 2700 671 2746 ‘et
683 2697 755 2746 sicut
768 2697 796 2745 in
802 2696 862 2745 .xl1
874 2695 978 2745 tabuiis
991 2697 1102 2759 patroni
1114 2695 1304 2760 appellatione
1323 2695 1409 2745 etiam
1427 2694 1512 2745 liberi
1525 2711 1572 2760 pa·

424 2784 498 2833 troni
517 2782 707 2841 continentur,
726 2781 767 2831 ita
786 2784 814 2831 et
832 2782 861 2829 in
878 2780 932 2829 hac
950 2779 1033 2845 lege.’
1070 2780 1105 2833 cf.
1123 2779 1260 2845 leianus
1280 2780 1314 2832 fr.
1327 2781 1367 2830 XI
1386 2784 1411 2833 3.
1435 2782 1530 2832 XXIX
1547 2784 1571 2833 6.

424 2866 1023 2934 Dig.26,4,1.5pr.3t,14‚11.17pr.
1295 2848 1298 2853 ’

491 2954 517 3004 9.
535 2950 639 3001 Paulus
651 2950 670 3001 l.
684 2949 779 2999 XXIII
798 2948 832 2998 ad
845 2948 895 2999 Ed.
920 2950 1041 3013 Dig.10,
1060 2951 1084 3008 2,
1102 2952 1135 3001 25
1153 2950 1197 3011 §9
1215 2949 1270 3000 ‘An
1288 2966 1322 3001 ea
1340 2949 1499 3015 stipulatio,
1518 2966 1572 3016 qna

424 3037 528 3102 singuli
545 3036 663 3087 heredes
681 3034 710 3083 in
728 3033 844 3084 solidum
862 3029 968 3084 habent
986 3034 1121 3084 actionem
1138 3035 1236 3085 ueniat
1253 3036 1283 3083 in
1301 3035 1353 3084 hoc
1371 3035 1508 3085 iudicium
1524 3036 1571 3085 du·

423 3122 531 3172 bitatur
549 3157 556 3171 .
577 3162 583 3177 ,
604 3160 610 3173 .
631 3159 636 3170 .
656 3120 722 3183 quia
740 3119 806 3169 talis
824 3118 970 3184 stipulatio
988 3134 1037 3183 per
1054 3119 1145 3185 legem
1167 3118 1223 3170 XII
1240 3119 1399 3170 tabularum
1422 3136 1479 3171 non
1503 3121 1570 3170 diui·

424 3208 512 3269 ditur,
532 3206 598 3271 quia
615 3220 668 3255 nec
686 3208 788 3269 potest,
823 3204 837 3264 §
858 3206 889 3255 13
906 3202 983 3253 Idem
1001 3204 1070 3253 iuris
1090 3208 1132 3253 est
1150 3204 1179 3253 in
1197 3204 1318 3268 pecunia
1335 3205 1474 3270 promissa
1498 3222 1516 3256 a
1533 3210 1572 3256 te·

424 3296 545 3354 statere,
566 3291 590 3341 si
609 3290 659 3340 sub
677 3304 768 3354 poena
785 3289 921 3354 promissa
940 3288 989 3337 sit:
1008 3304 1071 3338 nam
1089 3288 1159 3338 licet
1175 3288 1246 3339 haec
1268 3288 1406 3353 obligatio
1430 3290 1572 3340 diuidatur

425 3391 474 3440 per
491 3375 582 3440 legem
600 3375 654 3425 XII
672 3372 844 3435 tabularum,
863 3376 971 3437 tamen,
990 3373 1056 3437 quia
1074 3372 1191 3422 nihilum
1207 3373 1322 3438 prodest
1335 3374 1370 3422 ad
1382 3390 1504 3439 poenam
1517 3376 1570 3426 eui·

426 3459 538 3509 tandem
558 3462 665 3524 partem
684 3472 761 3507 suam
779 3457 899 3520 soluere,
920 3458 979 3508 siue
996 3457 1115 3508 nondum
1128 3457 1220 3507 solnta
1233 3462 1276 3507 est
1287 3460 1421 3523 pecunia,
1442 3476 1496 3510 nec
1514 3461 1572 3511 dies

423 3544 510 3606 uenit,
530 3540 753 3609 prospiciendum
768 3545 810 3591 est
822 3558 871 3607 per
890 3542 1047 3593 cautionem
1060 3575 1200 3595 ......
1219 3543 1280 3592 siue
1299 3543 1384 3593 etiam
1403 3544 1572 3595 soluituuus

424 3630 581 3679 uniuersam
598 3625 757 3693 pecuniam,
778 3642 858 3691 quam
876 3626 1021 3676 defunctus
1039 3627 1164 3692 promisit
1181 3642 1217 3677 ne
1234 3643 1326 3693 poena
1344 3630 1573 3694 committeretur,

424 3712 550 3765 familiae
569 3711 748 3763 erciscundae
765 3710 868 3761 iudicio
882 3727 899 3761 a
912 3710 1095 3762 coheredibus
1105 3716 1200 3777 partes
1213 3713 1338 3777 recipere
1350 3715 1478 3778 poterit!
1503 3715 1534 3768 O.
1547 3718 1572 3777 2,

424 3803 449 3863 3,
468 3800 501 3847 26
519 3796 647 3847 ‘Paetum
670 3811 859 3847 suceessorum
885 3795 1017 3849 debitoris
1042 3812 1075 3847 ex
1097 3796 1161 3862 lege
1180 3796 1326 3847 duodecim
1343 3798 1506 3849 tabularum
1524 3815 1571 3850 aea

423 3883 546 3933 alienum
564 3882 761 3932 bereditarium
779 3896 828 3946 pro
846 3878 1018 3946 portionibus
1039 3882 1174 3945 quacsItis
1193 3882 1311 3947 singulis
1335 3883 1397 3948 ipso
1420 3883 1483 3935 iure
1502 3885 1570 3934 diui·

425 3983 483 4018 sum
502 3969 531 4017 in
548 3966 666 4017 solidum
684 3982 767 4016 unum
786 3965 910 4031 obligare
930 3966 1060 4015 creditori
1072 3981 1127 4015 non
1139 3970 1251 4031 potest’
1288 3966 1358 4030 Ο.4,
1372 3968 1413 4031 16,
1428 3970 1443 4019 7
1462 3966 1570 4019 ‘Credi-

424 4057 498 4103 tores
516 4050 701 4102 hereditarios
719 4050 851 4101 aduersus
869 4049 1022 4115 legatarios
1040 4066 1095 4100 non
1113 4050 1217 4101 babere
1235 4052 1411 4117 personalem
1431 4055 1571 4105 actionem

426 4138 570 4198 conuenit,
594 4136 698 4200 quippe
723 4151 783 4185 cum
807 4134 1013 4185 euidentissime
1036 4134 1082 4185 lex
1103 4135 1247 4186 duodecim
1271 4136 1432 4187 tabularum
1454 4138 1571 4189 heredes

425 4221 488 4270 huie
501 4222 541 4270 rei
554 4221 644 4269 faciat
657 4219 808 4269 obnoxios.’
835 4217 864 4267 C.
879 4218 905 4276 8,
916 4221 949 4268 32
963 4215 1028 4285 [31],
1043 4222 1056 4269 1
1070 4220 1226 4271 ‘Manifesti
1240 4226 1269 4271 et
1280 4220 1434 4272 indubitati
1447 4223 1517 4273 iuris
1531 4226 1572 4274 est

425 4306 557 4357 defuncto
576 4304 712 4356 creditore
731 4303 825 4353 multis
843 4302 949 4352 relictis
967 4302 1115 4355 heredibus
1138 4296 1277 4355 actionem
1301 4306 1413 4370 quidem
1436 4323 1571 4373 persona·

425 4390 479 4441 lem
497 4393 569 4441 inter
589 4406 636 4440 eos
656 4389 764 4454 exlege
777 4388 921 4437 duodecim
934 4386 1091 4438 tabularum
1104 4390 1204 4451 diuidi,
1218 4391 1319 4455 pignus
1331 4405 1398 4441 uero
1411 4392 1570 4442 insolidum

425 4476 572 4539 unicuique
585 4474 693 4524 teneri.’
730 4473 760 4522 0.
774 4476 799 4537 8,
812 4474 844 4523 36
859 4468 926 4539 [36],
941 4474 954 4520 1
972 4473 1131 4523 ‘Debitores
1149 4475 1258 4539 quidem
1277 4475 1444 4526 hereditarii
1464 4477 1570 4527 unicui-

426 4574 478 4622 que
495 4558 626 4608 heredum
644 4574 692 4621 pro
711 4558 837 4621 portione
855 4555 1024 4608 hereditaria
1043 4559 1158 4623 antiqua
1176 4542 1239 4625 lege
1257 4560 1377 4626 obligati
1395 4564 1482 4615 sunt!

495 4645 534 4695 10.
553 4643 588 4691 el.
606 4641 712 4691 Paulus
730 4642 798 4690 Exc.
819 4656 852 4691 ex
870 4642 954 4691 I'esto
971 4657 997 4705 p.
1011 4644 1043 4691 82
1056 4643 1093 4693 Μ.
1112 4644 1237 4693 ‘Eretum
1257 4644 1421 4712 citum[que]
1444 4647 1476 4697 fit
1498 4649 1570 4696 inter

427 4731 582 4791 consortes,
601 4730 632 4773 ut
650 4728 677 4774 in
696 4726 775 4774 libris
793 4726 884 4790 legum
903 4727 1085 4776 Romanorum
1103 4728 1213 4793 legitur.
1242 4736 1349 4780 erctum
1374 4749 1390 4781 a
1413 4732 1568 4783 coercendo
1674 4727 1675 4752 ³
