3709 5634
458 634 505 681 nn
527 631 721 696 vernumvs
743 633 794 680 x11
817 633 1029 682 rsnvnsavu
1052 635 1339 686 mrnarnnrmvs.
1429 623 1472 688 23
1581 625 1584 632 “

318 788 423 872 datur
437 787 528 873 quod
541 787 734 853 Huschkius
750 789 845 874 ponit
859 793 981 854 ‘librum
990 796 1104 870 populo
1115 795 1243 856 (Μεθ’
1259 812 1332 856 eum
1343 800 1471 858 tanum

319 890 392 955 dici
418 912 515 976 posse
540 889 597 976 qui
623 888 778 958 collectas
804 890 840 954 in
859 889 1029 977 publicum
1050 915 1145 958 usum
1167 892 1325 968 formulas
1347 894 1382 958 in
1396 895 1469 962 foro

318 992 542 1080 proposuerit.
571 992 682 1057 Immo.
695 993 843 1058 iunctum
862 994 1047 1082 membrum
1055 1002 1108 1060 ·‘et
1121 1001 1141 1059 i.
1152 1016 1186 1075 p.
1203 1000 1245 1060 u’
1260 995 1408 1062 indicare
1422 999 1469 1063 vi.

324 1095 426 1160 detur
444 1093 541 1182 plura
561 1082 732 1162 ibi'fuisse
753 1095 999 1182 comprehensa.
1029 1096 1100 1162 Nec
1114 1097 1219 1183 magis
1234 1096 1404 1185 probabile
1420 1107 1471 1164 est

317 1197 407 1286 legis
434 1197 597 1262 actionem
623 1195 666 1263 ab
687 1196 763 1264 Sex.
785 1196 883 1264 Aelio
904 1198 956 1264 bis
978 1198 1117 1266 diversis
1138 1198 1232 1265 libris
1254 1201 1470 1288 compositam

318 1322 412 1365 esse:
426 1299 565 1364 'omnino
583 1296 641 1364 illa
664 1307 772 1364 aetate
792 1299 970 1366 admodum
991 1323 1091 1387 parca
1110 1301 1144 1368 in
1165 1299 1334 1368 litterariis
1355 1326 1468 1370 monu-

281 1395 287 1404 ’
320 1402 444 1468 mentis
465 1401 670 1488 proferendis
691 1401 750 1468 vix
765 1400 961 1468 crediderim
976 1403 1040 1468 tria
1056 1402 1171 1469 similis
1188 1406 1372 1490 argumenti
1388 1407 1467 1472 scri-

317 1514 382 1592 pta
396 1504 438 1570 ab
453 1527 517 1570 uno
531 1503 662 1570 homine
676 1503 826 1591 profecta
840 1526 922 1573 esse.
944 1504 976 1570 N
978 1513 1035 1570 am'
1046 1504 1135 1594 quod
1149 1505 1341 1572 Huschkius
1354 1508 1469 1575 statuit

318 1607 490 1693 tripertita
503 1629 570 1674 non
583 1603 714 1694 populi,
741 1606 799 1672 sed
821 1607 883 1672 soli
905 1607 1196 1694 iurisprudentium
1210 1609 1286 1674 usui
1302 1609 1468 1676 destinata

317 1709 426 1774 fuisse
434 1756 444 1790 ,
464 1707 500 1774 id
520 1731 626 1796 neque
643 1707 710 1775 ullo
729 1708 850 1776 indicio
866 1709 1015 1777 firmatur
1029 1711 1229 1796 neque-satis
1245 1709 1332 1783 illius
1348 1713 1466 1780 aetatis

320 1811 471 1877 moribus
485 1810 673 1898 respondet.
701 1810 851 1899 Denique
859 1835 907 1878 ne
922 1812 1071 1879 offendas
1087 1812 1122 1876 in
1137 1812 1210 1900 ipsa
1220 1811 1389 1878 titulorum
1402 1812 1466 1878 dis·

317 1913 508 2000 crepantia,
532 1911 635 1980 altero
651 1913 721 1979 loco
736 1923 803 1980 est:
827 1921 893 1994 ‘qui
904 1919 1135 1982 inscribitur
1149 1920 1323 1998 tripertita’,
1345 1915 1464 1982 altero:

316 2021 388 2094 ‘qui
400 2022 622 2094 appellatur
636 2023 683 2082 ius
696 2020 878 2082 Aelianum’:
893 2040 1010 2105 nempe
1025 2017 1125 2084 talem
1139 2041 1205 2087 non
1217 2018 1259 2084 ab
1270 2018 1344 2106 ipso
1356 2026 1465 2114 aucto3

319 2140 360 2183 re
380 2117 564 2204 prolectam
583 2118 687 2184 fuisse
706 2119 979 2208 inscriptionem,¹
991 2143 1107 2188 verum
1128 2120 1282 2208 apopulo
1298 2120 1342 2186 ad
1358 2126 1484 2188 exem-'

315 2219 412 2308 plum
426 2219 506 2287 iuris
521 2219 630 2300 civilis
650 2220 803 2290 Flaviani
824 2207 971 2288 eflictam
990 2232 1105 2310 sponte
1127 2232 1275 2312 apparet.
1315 2223 1368 2289 Ao
1387 2245 1465 2288 sane

316 2344 359 2388 eo
381 2322 512 2390 nomine
532 2321 652 2408 dignus
673 2324 780 2390 videri
800 2335 931 2412 poterat
951 2326 980 2391 is
999 2323 1084 2393 liber
1099 2327 1156 2412 qui
1172 2325 1287 2392 ‘veluti
1303 2324 1466 2392 cunabula

316 2425 416 2489 iuris’
438 2423 666 2513 continebar)
697 2427 795 2508 Quod
815 2435 925 2492 autem
944 2427 1143 2514 Pomponius
1164 2429 1273 2514 priore
1295 2428 1366 2496 loco
1387 2427 1464 2494 alte·

314 2521 394 2593 ruln
408 2526 540 2594 titulum
554 2551 620 2594 non
635 2528 779 2595 addidit:
796 2552 863 2595 non
878 2539 928 2596 cst
942 2537 1035 2595 tanta
1045 2529 1142 2596 huius
1155 2530 1324 2620 scriptoris
1336 2531 1464 2618 religio,

313 2629 374 2717 qui
390 2631 460 2696 sine
474 2629 595 2696 iudicio
609 2631 716 2697 fontes
732 2633 908 2720 exscripsit
922 2643 957 2700 et
971 2633 1249 2720 turbavlttatque
1264 2635 1377 2717 eodem
1393 2636 1464 2699 iure

316 2732 412 2798 dicas
437 2731 540 2800 altero
565 2733 636 2800 loco
659 2734 693 2798 in
717 2734 876 2801 librorum
902 2735 980 2802 Sex.
1007 2733 1095 2801 Aelii
1118 2737 1362 2824 enumeratione
1382 2738 1463 2802 iuris
1534 2818 1536 2823 Ι

316 2833 452 2901 Aeliani
466 2858 595 2923 quoque
611 2835 768 2901 disertam
783 2838 983 2910 mentionem
998 2837 1190 2902 desiderari.

403 2937 449 3003 At
471 2935 682 3004 libidinosius
706 2939 805 3006 etiam
828 2939 874 3005 eis
897 2937 1020 3005 abusus
1041 2947 1092 3004 es't
1106 2939 1299 3006 Huschkius
1316 2961 1400 3028 quae
1415 2963 1462 3005 se-

314 3048 462 3127 quuntur
476 3038 565 3127 apud
579 3039 796 3128 Pomponium
810 3039 832 3107 l.
848 3041 871 3107 l.
893 3046 1036 3106 ‘eiusdem
1050 3063 1112 3107 csse
1127 3051 1186 3107 ires
1200 3049 1257 3108 ulii
1268 3047 1339 3108 iibri
1352 3048 1463 3110 dicun-

319 3157 381 3221 tur,
396 3164 469 3223 quos
483 3153 581 3208 tumen
595 3148 714 3223 quiaem
728 3156 841 3224 acaum
853 3149 984 3210 eusdem
997 3151 1082 3212 esse&
1108 3145 1272 3214 Nimirum
1288 3154 1365 3220 ‘tres
1381 3144 1463 3212 alios

320 3245 438 3312 libros'
455 3255 625 3313 asseverat
638 3270 704 3313 non
718 3247 783 3312 tria
797 3247 939 3334 scripta,
955 3247 1014 3313 sed
1028 3249 1124 3314 unius
1141 3249 1255 3336 scripti
1269 3257 1336 3314 tres
1351 3257 1462 3336 partes

209 3416 213 3420 ,
313 3347 553 3433 intellegendas
569 3371 657 3433 esse,
674 3372 713 3416 ac
727 3350 832 3415 mirae
843 3350 1105 3438 interpretationi
1116 3373 1250 3438 prorsus
1263 3349 1462 3438 singularem

313 3472 466 3515 caussam
480 3450 622 3517 addidit:
646 3452 776 3516 etiamsi
790 3459 858 3518 non
872 3453 976 3536 idem,
998 3455 1054 3542 qui
1069 3455 1322 3541 impartitarum,
1346 3453 1462 3520 horum

282 3589 286 3596 ·
316 3575 448 3642 quoque
467 3550 625 3620 librorum
644 3565 759 3620 auctor
779 3553 973 3642 fingeretur,
1000 3565 1110 3622 tamen
1130 3557 1263 3623 minime
1283 3556 1461 3624 verisimile

313 3677 388 3720 esse
407 3655 474 3719 iam
493 3679 595 3722 unum
616 3680 658 3723 ex
678 3657 792 3744 primis
814 3658 855 3723 de
874 3659 956 3724 iuris
977 3659 1114 3724 scientia
1134 3659 1350 3747 scriptoribus
1365 3681 1460 3744 argu-

312 3767 459 3823 mentum
479 3780 573 3823 suum
594 3757 744 3845 pluribus
765 3760 919 3846 operibus
940 3769 1159 3847 pertractasse
1175 3759 1220 3847 (p.
1240 3761 1326 3846 182).
1356 3760 1460 3842 Quasi
1550 3785 1553 3792 ’

311 3882 394 3925 vero
415 3859 630 3947 suppositicia
651 3862 775 3948 scripta
794 3862 872 3950 quia
886 3863 948 3930 sub
963 3861 1084 3930 illustri
1098 3861 1133 3928 S.
1148 3862 1236 3928 Aelii
1250 3863 1381 3930 nomine
1395 3862 1459 3928 fer·

381 4101 402 4169 ¹)
420 4103 588 4170 Pomponius
611 4117 695 4168 quum
712 4103 727 4165 9
744 4105 760 4154 2
779 4107 808 4154 et
826 4106 841 4155 7
859 4103 994 4154 eiusmodi
1014 4104 1232 4172 appellationem
1255 4103 1318 4154 inde
1340 4105 1458 4155 maxime

311 4192 467 4256 repeteret,
485 4189 616 4254 quoniam
633 4193 763 4240 auctores
781 4187 852 4244 nihil
864 4189 898 4240 de
910 4205 961 4241 suo
976 4189 1131 4246 adiecerint
1148 4190 1258 4255 legibus
1275 4190 1321 4241 vel
1340 4187 1458 4242 actioni·

312 4274 366 4325 bus
383 4273 523 4339 collectis,
544 4289 642 4340 parum
664 4289 722 4325 rem
745 4289 799 4325 acu
821 4275 941 4342 tetigit.
960 4273 1015 4326 Sed
1038 4275 1110 4340 quud
1128 4275 1200 4326 idem
1219 4275 1276 4326 ‘ius
1294 4274 1457 4326 Aelianum’
1479 4297 1483 4304 ·

267 4403 279 4416 ,
314 4358 481 4424 simpliciter
498 4358 637 4426 appellat,
656 4375 719 4412 cum
743 4364 828 4412 antea
850 4361 895 4410 ius
918 4360 1024 4414 civile
1048 4366 1076 4412 et
1097 4360 1263 4412 Flavianum
1286 4364 1315 4411 st
1331 4347 1475 4426 Papiria·¹

312 4459 378 4496 num
396 4445 552 4510 notaverit,
568 4444 598 4496 id
614 4447 751 4498 neminem
773 4446 870 4512 opinor
892 4446 991 4496 mirum
1008 4447 1136 4498 habebit:
1159 4450 1190 4498 ut
1207 4445 1347 4498 Huschkii
1370 4446 1457 4512 expli·

314 4530 426 4582 catione
444 4545 505 4582 meo
529 4530 638 4596 quidem
660 4532 810 4584 intellectu
830 4528 989 4584 difficiliore
1007 4548 1033 4598 p.
1054 4535 1104 4584 180
1125 4531 1199 4584 haud
1221 4535 1338 4598 gravate
1361 4546 1456 4583 carere

312 4615 457 4682 possimus.
491 4616 552 4670 Non
574 4616 676 4668 maiore
700 4617 761 4669 iura
779 4616 941 4670 Huschkius
965 4617 1001 4668 ad
1020 4618 1107 4670 verba
1127 4619 1218 4669 ‘aelati
1235 4617 1359 4668 anabola
1376 4618 1456 4668 iuris'

313 4699 378 4752 addi
395 4696 505 4752 ‘cioiiw
524 4701 603 4754 iubet
619 4718 646 4768 p.
665 4702 721 4754 181.
