3709 5634
228 631 238 644 “
315 694 319 702 .
400 637 443 702 26
819 649 932 697 crrvr
953 647 1129 697 insuavis.

402 805 532 892 (Cicero
547 804 638 870 Lael.
655 803 703 888 1.).
738 805 810 870 Iam
830 803 913 889 legis
934 803 1234 890 interpretationem
1255 800 1354 866 Acilii
1375 799 1545 888 probabile

401 919 533 975 estnon
546 906 685 972 multum
699 907 865 973 diversam
880 907 923 971 ab
938 903 1026 971 Aelii
1040 905 1157 970 fuisse:
1175 903 1268 968 cuius
1285 925 1359 968 eum
1374 901 1545 990 aequalem

401 1009 549 1096 intellegi
567 1011 743 1076 coniuncta
761 1010 930 1095 utriusque
951 1019 985 1075 et
1004 1006 1092 1094 apud
1112 1007 1330 1094 Pomponium
1345 1016 1378 1072 et
1391 1015 1429 1073 ut
1444 1011 1544 1073 ‘vete-

401 1132 475 1179 rum
487 1114 716 1200 interpretum’
732 1112 820 1200 apud
835 1112 1027 1178 Ciceronem
1041 1109 1161 1175 mentio
1177 1108 1362 1196 persuadet.

395 1248 398 1255 v
465 1217 538 1281 Iam
549 1214 1008 1302 veteribusinterpretibus
1018 1213 1134 1279 Cicero
1146 1209 1544 1300 opponitL.Aelium¹),

403 1317 529 1384 scilicet
545 1316 741 1384 Stilonem
752 1318 989 1384 Praeconinum
1000 1301 1310 1381 illumLanuvinum
1321 1315 1545 1399 grammatico·

401 1444 474 1485 rum
489 1420 671 1486 studiorum
687 1430 872 1503 auctorem,
895 1443 992 1508 quem
1012 1419 1164 1485 novimus
1184 1417 1228 1483 ad
1248 1415 1458 1504 disciplinam
1473 1439 1545 1504 pro·

401 1523 586 1589 vehendam
608 1523 837 1610 antiquissima
856 1522 989 1608 linguae
1008 1530 1220 1588 monumenta
1240 1519 1484 1586 commentariis
1500 1520 1546 1584 in·

402 1626 575 1691 struxisse.
613 1625 715 1691 Cuius
738 1649 779 1691 ex
790 1614 1070 1712 'interpretatione
1086 1622 1167 1708 legis
1182 1631 1313 1710 praeter
1328 1621 1476 1687 ‘lessum’
1492 1645 1545 1688 ex-

401 1726 560 1815 plicatum
570 1728 690 1795 hausta
701 1738 751 1793 est
761 1728 854 1794 Festi
866 1728 976 1813 glossa
987 1726 1030 1792 ad
1042 1728 1217 1792 ‘sonticum
1229 1725 1391 1793 morbum'
1403 1717 1545 1812 p.290.²)

401 1830 506 1916 Atqui
521 1830 561 1895 de
576 1831 646 1896 eius
662 1831 789 1896 ratione
804 1841 837 1896 et
852 1829 962 1896 indole
984 1829 1013 1893 si
1033 1829 1237 1916 quaerimus,
1263 1829 1298 1892 in
1316 1826 1547 1914 gravissimam

402 1933 659 1998 controversiam
679 1955 719 1998 ac
738 1932 955 1999 multifariam
975 1941 1130 1998 vexatam
1149 1931 1324 1996 incidimus
1340 1952 1423 2018 quae
1440 1938 1490 1994 est
1505 1928 1546 1994 de

399 2033 504 2100 Aeliis
519 2034 788 2101 intemoscendis.
817 2034 902 2100 Nam
923 2057 999 2101 oum
1018 2043 1150 2122 praeter
1170 2032 1204 2098 S.
1221 2033 1351 2099 Aelium
1373 2042 1406 2098 et
1426 2032 1466 2097 L.
1483 2035 1545 2096 Ae-

400 2135 480 2202 lium
496 2137 596 2202 etiam
611 2136 648 2203 0.
665 2136 755 2202 Aelii
768 2136 859 2203 Galli
879 2139 935 2225 qui
956 2137 1088 2224 scripsit
1108 2135 1149 2202 de
1170 2135 1411 2222 significatione
1430 2135 1545 2199 verbo-

401 2261 475 2302 rum
496 2261 580 2326 quae
600 2239 643 2303 ad
666 2242 716 2305 ius
743 2238 840 2305 civile
863 2241 1045 2326 pertinent,
1070 2239 1158 2326 apud
1184 2239 1316 2304 Festum
1342 2247 1375 2302 et
1400 2235 1545 2322 Gellium

399 2350 491 2420 extet
504 2341 711 2429 memorab:
728 2364 747 2408 e
761 2339 921 2408 librorum
937 2335 1053 2407 similis
1070 2363 1167 2429 saepe
1183 2341 1368 2427 argumenti
1383 2339 1463 2426 quid
1478 2341 1545 2406 cui·

406 2483 602 2490 —.———

468 2566 488 2632 ¹)
507 2568 550 2618 ‘Ia
564 2565 671 2618 Aelius'
689 2568 743 2618 isto
761 2566 824 2619 loco
840 2568 964 2619 Tumebi
981 2567 1089 2619 demum
1108 2566 1301 2618 emendatione
1319 2581 1397 2618 suum
1414 2566 1546 2618 honorem

399 2657 501 2704 nactus
519 2658 574 2718 cst,
595 2668 657 2704 cum
674 2653 800 2703 inlibris
818 2654 855 2704 sit
872 2653 1009 2718 ‘Laelius'
1026 2680 1061 2695 -
1079 2654 1218 2720 frequenti
1241 2652 1366 2704 codicum
1388 2651 1488 2703 mondo
1508 2653 1544 2703 ci.

399 2737 500 2789 Cicero
518 2738 551 2789 ds
570 2755 609 2790 or.
626 2740 641 2790 1
658 2739 700 2801 62,
719 2739 777 2790 265.
795 2738 902 2789 Plinius
918 2738 984 2789 xiv
1002 2741 1034 2790 92
1053 2755 1097 2788 —:
1120 2739 1192 2789 unde
1217 2741 1279 2804 post
1303 2738 1373 2789 alios
1391 2737 1546 2788 Dirlrsenus

398 2839 506 2890 quoque
523 2841 550 2890 p.
566 2827 609 2887 12,
627 2825 774 2876 Pernicius
792 2823 907 2890 Encycl.
925 2825 990 2876 Hal.
1010 2823 1063 2875 vol.
1077 2827 1111 2875 28
1129 2841 1155 2890 p.
1169 2826 1233 2888 321,
1252 2823 1374 2874 Wiesius
1393 2823 1426 2873 de
1439 2824 1476 2874 M.
1490 2824 1546 2875 Va-

400 2909 469 2960 lerio
487 2909 622 2960 Messalla
640 2927 666 2976 p.
681 2912 713 2961 75
731 2911 826 2960 nescio
845 2910 924 2976 quem
936 2909 1069 2960 Laelium·
1081 2910 1111 2958 in
1123 2909 1177 2960 XII
1190 2909 1267 2962 tabb.
1284 2908 1485 2974 interpretibus
1504 2925 1544 2958 re·

399 2995 500 3047 ferunt.
535 2995 594 3045 Nec
612 2995 702 3045 tenuit
717 2995 770 3046 hoc
788 2995 834 3060 qui
852 3010 997 3061 perperam
1014 2994 1046 3044 L.
1065 2995 1221 3060 nuncupari
1238 3010 1287 3059 pro
1306 2995 1334 3048 S.
1351 2993 1431 3045 Aelio
1451 2995 1545 3060 opina·
1608 3059 1610 3064 ι
1690 3061 1691 3066 ¹

399 3083 443 3129 tus
461 3083 506 3130 est
521 3079 682 3130 Vaassenus
699 3079 789 3132 Anim.
808 3079 843 3130 ad
861 3080 927 3134 fast.
947 3096 972 3145 p.
986 3081 1044 3131 223.
1073 3079 1244 3130 Rudorffium
1261 3095 1328 3130 vero
1345 3079 1443 3130 mirum
1462 3096 1545 3145 qusu-

399 3170 456 3215 tum
474 3164 547 3214 ratio
564 3163 668 3215 fefellit
687 3179 748 3215 cum
760 3165 793 3218 L.
806 3164 897 3215 Acilio
909 3165 942 3219 L.
956 3164 1063 3215 Aelium
1074 3165 1292 3216 confundentem
1303 3165 1339 3218 H.
1352 3165 1370 3214 i.
1383 3181 1404 3214 r.
1418 3166 1432 3215 I
1444 3181 1470 3230 p.
1484 3167 1542 3216 261.

400 3249 527 3300 Ceterum
545 3250 578 3300 de
595 3249 670 3300 Aelii
687 3254 783 3300 aetate
801 3253 913 3316 praeter
931 3249 1002 3300 alios
1020 3249 1162 3300 adeundus
1182 3255 1224 3302 est
1241 3249 1410 3301 Ritschelius
1428 3250 1542 3315 Parerg.

399 3336 458 3400 I.p.
477 3338 528 3386 239
546 3335 583 3384 ci.
601 3335 691 3399 praef.
709 3335 776 3385 XXI
794 3335 841 3400 qui
859 3350 921 3386 eum
938 3333 1046 3386 Lucilio
1070 3336 1146 3386 circa
1170 3353 1194 3387 a.
1212 3335 1273 3388 Ioc
1292 3340 1356 3386 uatc
1379 3351 1433 3386 nou
1457 3335 1543 3387 multo

400 3420 533 3471 minorem
550 3420 638 3470 fuisse
656 3419 773 3485 colligit.

466 3503 487 3565 ²)
505 3504 575 3554 Nam
593 3504 663 3569 quod
680 3504 830 3554 Lerschius
848 3504 953 3556 Philos.
971 3505 1084 3571 linguae
1102 3509 1158 3557 vet.
1176 3505 1220 3556 111
1237 3521 1263 3570 p.
1279 3507 1327 3555 146
1340 3521 1379 3571 sq.
1400 3506 1542 3558 contendit

351 3628 354 3639 .
399 3589 583 3656 probavitque
603 3588 813 3640 Graeienhanio
831 3589 904 3640 Hist.
922 3591 1031 3656 phil.11
1049 3608 1074 3658 p.
1088 3593 1150 3652 336,
1171 3603 1360 3657 quaecumque
1378 3591 1451 3642 Aelii
1471 3591 1543 3658 glos-

399 3691 448 3726 sae
466 3673 668 3740 etymologicus
682 3674 755 3740 apud
767 3676 918 3727 Varronem
931 3677 1045 3728 Festum
1059 3677 1128 3729 alios
1142 3677 1280 3738 feruntur,
1299 3692 1394 3728 omues
1413 3677 1544 3729 ciiiilius

398 3761 429 3810 iu
453 3759 590 3811 Saliorum
613 3761 740 3811 carmina
761 3764 845 3824 atque
867 3761 894 3810 in
913 3762 968 3811 XII
985 3762 1096 3814 tabulas
1119 3761 1324 3814 commentariis
1347 3762 1447 3813 ductas
1472 3779 1544 3826 esse,

399 3861 510 3912 prorsus
528 3850 606 3897 carot
620 3845 723 3898 idoneo
740 3845 919 3898 fundamento
938 3864 972 3898 ex
989 3849 1059 3914 ipsis
1076 3848 1220 3918 vocabulis
1238 3848 1374 3915 expeditis
1398 3864 1469 3914 quae
1487 3865 1543 3900 ms·

378 3932 500 3982 .ximam
522 3935 629 3998 partem
652 3931 739 3982 alieni
763 3934 919 3998 argumenti
942 3937 1006 3983 suut
1028 3933 1187 3998 repetendo.
1228 3934 1265 3984 Et
1292 3933 1488 3986 conferendum
1511 3935 1544 3985 de

398 4016 475 4067 illius
497 4017 735 4083 interpretationis
758 4033 860 4086 genere
878 4017 1011 4069 Varronis
1033 4018 1164 4068 iudicium
1182 4018 1216 4069 ds
1234 4018 1253 4069 l.
1273 4019 1291 4072 l.
1310 4019 1363 4070 VII
1380 4023 1405 4070 2.
1442 4021 1543 4083 Quam·

399 4117 480 4167 quam
499 4118 534 4152 ne
552 4101 586 4153 de
605 4105 777 4166 ‘etymorum’
797 4103 907 4168 quidem
925 4103 984 4154 sive
1003 4103 1048 4154 ‘ds
1071 4103 1179 4168 origine.
1196 4105 1353 4156 verborum'
1372 4105 1452 4156 libris
1476 4121 1544 4172 quos

399 4186 449 4237 alii
476 4191 602 4238 statuunt
630 4186 779 4254 quidquam
804 4192 924 4239 constat.
969 4188 1087 4240 Omnino
1112 4188 1325 4256 haudquaquam
1350 4191 1444 4242 omnia
1472 4205 1543 4255 quae

398 4270 478 4322 Aelio
496 4272 652 4322 tribuuntur
671 4273 706 4323 ab
724 4274 785 4338 ipso
803 4274 859 4324 iam
876 4272 979 4324 litteris
997 4273 1130 4325 mandata
1148 4274 1250 4339 fuisse,
1274 4275 1323 4325 sed
1341 4271 1364 4328 ¹a
1388 4275 1543 4342 discipulis,

398 4356 523 4407 Varrone
540 4357 671 4422 maxime,
691 4374 724 4408 ex
742 4357 884 4410 auditione
897 4358 1002 4410 tradita
1020 4360 1083 4425 ipsa
1095 4360 1231 4412 Varronis·
1244 4363 1275 4411 in
1294 4359 1405 4412 citando
1418 4362 1540 4413 variatio

398 4441 518 4492 indicat:
538 4441 639 4493 ‘Aelius
655 4443 760 4494 scribit’
779 4445 804 4496 V
822 4445 862 4496 18.
882 4444 925 4494 21.
944 4444 985 4496 25.
1010 4444 1056 4493 ‘A.
1076 4446 1192 4497 dicebat’
1211 4447 1236 4498 V
1254 4447 1295 4496 66.
1316 4447 1372 4500 101.
1397 4447 1435 4498 VI
1453 4449 1478 4500 7.
1505 4447 1542 4499 cf.

399 4525 433 4577 de
450 4541 472 4576 r.
491 4543 512 4579 r.
531 4526 574 4578 111
593 4529 633 4578 13.
652 4526 760 4578 Gellius
777 4528 791 4578 I
808 4530 848 4580 18.
943 4569 946 4574 .

465 4609 487 4675 ³)
506 4611 585 4662 Mera
603 4616 695 4663 autem
712 4614 873 4664 coniectura
890 4628 982 4678 neque
1001 4629 1035 4663 ea
1053 4616 1192 4679 probabili
1210 4615 1326 4668 effectus
1345 4620 1390 4668 est
1402 4615 1433 4669 O.
1447 4616 1543 4669 Aelius

307 4733 310 4739 -
366 4687 370 4692 ’
399 4695 470 4748 Stilo
488 4712 521 4747 ex
537 4697 670 4749 Varronis
688 4697 808 4750 lectione
827 4696 973 4752 Cornelius
992 4697 1062 4750 Stilo
1081 4699 1115 4754 dc
1133 4699 1152 4752 1.
1170 4699 1190 4754 1.
1209 4701 1233 4751 V
1252 4702 1301 4755 148
1324 4706 1353 4754 ot
1378 4702 1440 4754 150:
1465 4703 1543 4756 cuius
