3709 5634
413 670 457 734 34
833 686 946 734 curva
968 686 1144 735 Anrnnvu

415 850 506 927 ptum
521 863 541 904 a
552 841 707 905 Putsehio
724 841 857 926 proprio
869 841 977 904 Marte
993 839 1229 926 amplificatum
1245 862 1317 904 esse
1329 850 1362 906 et
1374 849 1440 905 tam
1452 841 1565 927 inepte

414 942 600 1007 mutilatum
616 943 725 1007 eredo.

499 1045 554 1109 Ex
580 1045 717 1109 Servii
738 1043 917 1129 Sulpicii
943 1043 1054 1123 Rufi,
1077 1044 1143 1110 viri
1170 1053 1203 1110 et
1223 1044 1303 1108 iuris
1326 1054 1359 1110 et
1384 1044 1569 1110 litterarum

417 1149 554 1212 scientia
569 1147 708 1231 insignis
724 1146 806 1232 (cos.
823 1145 1004 1232 locoru),
1021 1154 1150 1210 centum
1166 1147 1334 1232 octoginta
1356 1147 1449 1213 libris
1466 1148 1569 1214 etiam

416 1249 487 1314 XII
508 1248 695 1315 tabularum
721 1247 1025 1334 interpretationem
1052 1247 1155 1312 fuisse
1176 1250 1281 1334 magis
1303 1271 1401 1336 quam
1422 1249 1569 1338 quinque

351 1416 366 1440 ‚
418 1351 548 1437 glossae
565 1353 626 1417 sub
642 1353 711 1416 eius
727 1350 858 1416 nomine
874 1350 964 1436 apud
980 1351 1114 1414 Festum
1135 1349 1255 1414 citatae
1270 1351 1294 1438 ¹)
1317 1350 1383 1415 Gai
1404 1351 1571 1438 quaedam

416 1455 519 1519 verba
534 1454 682 1520 indicant
698 1477 740 1518 ex
754 1451 838 1517 libro
854 1451 886 1516 V
902 1453 945 1517 ad
960 1451 1066 1536 legem
1082 1451 1153 1517 XII
1168 1451 1355 1519 tabularum
1375 1452 1411 1515 in
1425 1453 1572 1539 Digesta

415 1556 468 1639 50,
480 1556 530 1638 16,
544 1556 606 1620 237
622 1565 755 1642 recepta
770 1559 895 1618 ‘duobus
909 1561 1055 1634 repetistis
1070 1559 1166 1618 uerbis
1180 1561 1269 1634 quasi
1278 1561 1423 1634 permittit
1435 1561 1487 1619 lex
1498 1575 1572 1618 ma-

413 1665 461 1736 qis
487 1679 577 1736 quana
601 1663 770 1738 probibuit·
794 1663 883 1736 idque
908 1663 998 1720 etiam
1019 1659 1176 1721 Seruius
1200 1650 1432 1720 animaduertit?
1474 1657 1573 1738 Quae
1612 1689 1619 1702 ¹

357 1834 366 1845 ·
416 1761 539 1826 mentio
562 1761 675 1846 magni
695 1781 774 1824 sane
793 1758 951 1823 momenti
974 1767 1034 1841 est,
1055 1773 1155 1846 quum
1176 1758 1281 1823 Gaius
1302 1779 1367 1824 non
1389 1759 1463 1845 ipsa
1484 1759 1572 1845 lege,

419 1863 477 1927 sed
493 1863 735 1929 commentariis
751 1861 916 1947 prioribus
932 1882 1011 1925 usus
1027 1860 1082 1928 sit.

502 1965 631 2030 Certius
659 1965 756 2028 etiam
783 1962 824 2027 de
851 1961 1038 2027 Antistio
1064 1961 1253 2028 Labeone
1278 1962 1360 2048 legis
1388 1963 1573 2050 interprete

419 2075 548 2132 constat
563 2089 605 2131 ex
620 2063 721 2130 Gellii
736 2063 932 2130 testimoniis
948 2063 990 2126 N.
1006 2063 1047 2128 A.
1065 2063 1083 2128 Ι
1100 2065 1156 2146 12,
1180 2064 1219 2129 18
1242 2069 1419 2130 ‘Praeterea
1439 2072 1471 2129 in
1491 2087 1574 2130 com-

418 2175 573 2233 mentariis
588 2173 733 2231 Labeonis
747 2187 825 2245 quae
839 2171 883 2228 acl
896 2169 969 2229 XII
980 2171 1096 2230 tabulas
1110 2173 1272 2246 composuit
1292 2174 1333 2231 ita
1348 2175 1493 2248 scriptura
1508 2181 1574 2232 est:

419 2279 442 2308 “
455 2277 547 2348 Virqo
569 2275 694 2333 Vestalis
709 2291 803 2347 neque
818 2274 904 2333 iteres
918 2278 962 2332 est
982 2274 1121 2347 cuiquam
1143 2276 1277 2333 intestato
1298 2291 1393 2349 neque
1415 2278 1576 2335 intestatae

343 2454 346 2457 Ι
419 2379 589 2450 quisquam,
605 2377 660 2434 secl
673 2375 750 2434 bonu
764 2377 829 2435 eius
843 2377 874 2433 in
884 2374 1038 2448 publicum
1053 2375 1154 2449 retliqi
1167 2377 1288 2436 uiant.''
1311 2372 1359 2437 VI
1373 2372 1470 2458 (VII)
1485 2373 1537 2453 15,
1555 2375 1573 2435 1

420 2479 536 2538 ‘Labeo
557 2481 588 2537 in
609 2478 684 2536 libro
705 2478 742 2535 tle
755 2476 828 2535 XII
844 2477 951 2535 tabulis
971 2478 1101 2536 meando
1122 2479 1209 2538 acria
1230 2483 1259 2536 et
1272 2493 1376 2538 seuera
1397 2479 1511 2538 iudicia
1533 2480 1576 2538 de

417 2581 512 2654 sartis
531 2580 634 2638 latita
654 2597 717 2639 esse
737 2579 822 2654 npurl
841 2584 954 2638 ueteres
968 2581 1111 2654 scripsit!
1149 2574 1219 2638 XX
1237 2577 1270 2658 1,
1289 2576 1328 2640 13
1344 2599 1392 2664 sq.
1408 2577 1466 2642 ubi
1486 2599 1576 2664 quae

420 2685 470 2742 ‘in
495 2684 579 2742 libris
604 2697 677 2756 qnos
698 2682 742 2750 ael
760 2680 830 2740 XII
855 2681 972 2741 tabulas
990 2671 1194 2758 conscripsit'‚
1222 2678 1263 2741 de
1289 2677 1328 2746 L.
1344 2677 1490 2742 Veratio'
1505 2687 1576 2742 tra-

420 2782 470 2847 dit
494 2781 691 2846 referuntur.
700 2779 727 2865 ²)
770 2779 822 2843 De
847 2779 940 2843 cuius
967 2779 1247 2866 interpretationis
1274 2779 1401 2844 ratione
1432 2801 1505 2844 eum
1529 2802 1577 2844 ex

419 2884 493 2948 istis
522 2882 669 2968 reliquiis
695 2881 852 2946 iudicium
877 2879 987 2945 facere
1013 2879 1090 2945 licet
1111 2890 1181 2944 tum
1207 2902 1249 2944 ex
1272 2889 1342 2945 tota
1363 2881 1428 2946 viri
1460 2880 1576 2946 indole

420 2985 551 3072 qualem
583 2983 711 3050 Gellius
745 2984 904 3048 describit
929 2982 1019 3046 XIII
1048 2983 1103 3064 10,
1132 2985 1149 3045 1
1183 2987 1299 3047 ‘Labeo
1324 2988 1467 3048 Antistius
1495 2990 1578 3047 iuris

420 3093 539 3165 quidem
558 3093 653 3150 ciuilis
674 3091 863 3164 disciplinam
886 3090 1055 3164 principali
1078 3089 1175 3148 stadio
1198 3092 1337 3148 exercuit
1358 3097 1387 3149 et
1411 3093 1577 3150 consulen-

420 3194 495 3253 tibus
515 3193 553 3251 ele
572 3195 638 3252 inre
659 3193 780 3267 publice
800 3193 1022 3268 responsitaait,
1047 3191 1117 3266 (set)
1143 3196 1312 3252 ceterarum
1337 3207 1452 3266 quaque
1473 3192 1576 3250 lona-

420 3311 488 3353 rum
509 3296 618 3352 artium
638 3310 697 3352 non
717 3311 828 3368 expers
844 3293 909 3366 fait
931 3301 961 3354 et
978 3295 1009 3352 in
1028 3296 1258 3367 qrammaticarn
1278 3311 1341 3354 sese
1362 3303 1451 3368 atque
1472 3295 1538 3353 dial
1557 3329 1577 3338 —

421 3399 526 3456 cticnm
548 3398 709 3468 literaeque
734 3397 916 3469 antiquiores
941 3397 1120 3470 altioresque
1144 3402 1355 3470 penetraverat
1374 3395 1577 3455 Latinarum-

422 3516 478 3573 que
504 3515 605 3557 cocina
627 3500 758 3571 oriqiaes
779 3499 967 3573 rationesque
986 3501 1197 3574 percalluerat
1220 3515 1338 3572 eaque
1357 3500 1578 3574 praecipue

391 3636 394 3641 -
422 3602 590 3660 scientia
612 3601 661 3658 acl
680 3600 893 3659 enodandos
908 3604 1117 3674 plerosque
1137 3602 1237 3660 iuris
1257 3603 1412 3676 laqueos
1437 3601 1576 3660 atela-

422 3707 511 3773 tur,·’
528 3698 619 3762 -id
641 3697 728 3780 quod
750 3697 946 3762 confirmant
967 3697 1097 3782 glossae
1118 3698 1283 3766 Labeonis
1304 3697 1463 3784 plurimae
1483 3697 1578 3783 apud

423 3801 559 3866 Festum
575 3809 736 3866 servatae.
768 3800 917 3886 Apparet
932 3807 1041 3864 autem
1062 3799 1143 3864 haec
1163 3801 1337 3866 coniuncta
1358 3797 1578 3866 iureconsulti

492 4059 512 4124 ¹)
531 4077 558 4124 p.
577 4061 627 4110 174
643 4059 748 4124 Noxia,
771 4075 798 4124 p.
817 4061 867 4109 210
889 4059 986 4124 pedem
1005 4060 1100 4123 struit,
1124 4075 1150 4124 p.
1169 4061 1218 4110 321
1243 4063 1369 4124 sanates,
1393 4074 1419 4124 p.
1439 4060 1488 4110 322
1512 4073 1575 4110 sar·

425 4145 495 4208 cito,
514 4163 542 4210 p.
560 4146 611 4199 376
628 4144 776 4195 vindiciae.
1171 4153 1172 4158 ’
1327 4179 1329 4186 -

491 4229 512 4292 ²)
532 4229 692 4280 Huschkius
712 4230 823 4281 ‘Gaius'
841 4243 867 4294 p.
880 4230 929 4278 212
948 4245 974 4279 n.
988 4230 1019 4279 21
1040 4228 1111 4293 quod
1122 4230 1264 4281 Labeonis
1283 4229 1316 4282 de
1335 4229 1433 4280 damno
1447 4228 1574 4280 aedificii

424 4315 507 4377 vitio,
526 4330 581 4365 non
598 4316 627 4366 vi
646 4314 741 4365 divina
759 4314 824 4363 dato
842 4313 951 4379 placita
968 4314 1002 4363 D.
1022 4317 1064 4377 39,
1084 4317 1109 4379 2,
1127 4316 1161 4364 24
1178 4315 1193 4374 5
1211 4316 1228 4364 4
1247 4316 1308 4365 etii
1333 4315 1368 4364 ad
1391 4315 1461 4380 legis
1484 4315 1574 4364 inter-

424 4400 610 4463 pretationem
628 4401 729 4465 refert,
749 4415 811 4450 cum
828 4399 899 4449 haec
918 4397 1032 4464 exlege
1052 4403 1135 4450 cauta
1154 4417 1215 4452 esse
1233 4400 1395 4464 videantur,
1420 4399 1448 4448 id
1470 4389 1575 4450 idoneo

425 4483 605 4535 fundamento
625 4490 710 4536 caret.
747 4484 801 4534 Sed
819 4484 908 4550 possit
926 4484 1029 4548 aliquis
1047 4487 1135 4536 morbi
1154 4485 1340 4536 definitionem
1359 4484 1431 4550 apud
1451 4484 1575 4534 Gellium

425 4571 497 4620 lvo
521 4586 538 4619 a
556 4571 686 4620 Labeone
710 4569 745 4619 ad
768 4570 858 4635 legem
878 4567 950 4632 (112
975 4585 997 4618 s.
1016 4570 1030 4618 I
1049 4569 1077 4636 3)
1101 4569 1260 4621 adnotatam
1285 4571 1464 4635 intellegere,
1489 4584 1575 4633 quam

426 4671 459 4703 ox
478 4655 558 4705 libris
577 4656 611 4705 ad
630 4656 750 4714 edictum
774 4655 905 4705 aedilium
929 4653 1066 4704 curulium
1085 4657 1196 4720 sumptis
1221 4657 1311 4722 repeti
1329 4655 1489 4704 Huschkiue
1513 4654 1575 4720 opi-

425 4744 508 4789 natur
525 4741 578 4790 Iur.
598 4742 682 4793 antei.
700 4757 727 4805 p.
746 4743 825 4790 4711.
845 4741 885 4789 162
