3709 5634
515 634 569 725 xuu
591 676 776 726 nvonucnr
799 677 1012 728 1111111111
1034 679 1206 729 urucam.
1403 666 1440 732 11

298 837 423 901 factam
443 842 564 898 metere
584 854 683 920 quam
703 831 745 897 ad
766 832 856 918 ipsos
877 833 985 898 fontes
1006 833 1111 899 denuo
1133 813 1239 900 redire
1265 834 1443 902 malebant.

299 938 389 1018 Quin
410 937 477 999 iam
497 933 690 1000 Ciceronem
708 932 794 998 hanc
813 935 860 1000 eis
881 935 970 1001 viam
992 935 1173 1022 praeivisse
1198 936 1233 1000 in
1259 936 1444 1003 enarranda

297 1041 370 1123 lege
395 1038 511 1103 videor
530 1035 612 1100 mihi
633 1034 857 1101 demonstrare
876 1059 984 1124 posse.
1026 1037 1112 1102 Nam
1132 1038 1221 1126 quod
1242 1039 1379 1126 protulit
1401 1039 1441 1118 de

297 1140 360 1226 leg.
377 1139 537 1221 111111
573 1140 648 1202 ‘Illo
667 1143 728 1201 iom
748 1145 927 1216 sipmificoiio
941 1150 984 1205 esi
1000 1145 1101 1204 tondis
1114 1152 1289 1206 ornamento
1304 1147 1348 1205 od
1363 1162 1442 1206 mor-

299 1254 365 1308 tuos
376 1248 543 1322 pertimere,
565 1245 645 1319 quod
663 1260 806 1305 emonam
826 1247 934 1306 amiate
950 1255 1072 1322 portum
1092 1243 1122 1307 et'
1134 1249 1164 1307 ci
1176 1250 1227 1322 poi
1236 1249 1403 1326 peperisset
1415 1257 1447 1311 ei
1502 1295 1509 1304 .

297 1352 364 1410 eius
374 1349 499 1425 peremti
509 1349 574 1408 sime
584 1345 703 1419 froude
716 1363 778 1406 osse
791 1349 844 1407 iero
858 1349 1025 1424 impositam
1039 1349 1145 1409 iooet':
1169 1367 1230 1410 nec
1244 1354 1353 1432 potest
1367 1346 1445 1412 inde

299 1448 404 1536 petita
425 1468 497 1510 esse
517 1443 645 1532 plenior
659 1443 759 1508 Plinii
774 1444 954 1533 descriptio
972 1446 1013 1512 N.
1029 1447 1074 1512 H.
1089 1446 1177 1512 XXI
1192 1447 1223 1529 5,
1240 1448 1258 1512 'l
1288 1452 1378 1512 ‘Inde
1392 1455 1446 1512 illo

300 1535 372 1614 XII
383 1553 553 1613 iubatorum
568 1554 638 1612 lex:
662 1550 749 1623 “Oui
761 1568 903 1612 coromom
911 1556 1001 1628 parit
1014 1555 1077 1629 ipse
1087 1555 1254 1629 pecuniave
1268 1556 1332 1615 cias
1346 1556 1445 1614 virio-

301 1660 374 1717 tisoe
395 1672 483 1730 erpo,
505 1653 647 1713 ordoitor
666 1655 728 1713 ei”.
766 1653 861 1725 (11111
881 1657 962 1716 seroi
980 1658 1082 1730 equive
1101 1657 1289 1730 meruissent,
1312 1658 1445 1732 pecario

296 1763 422 1834 portam
436 1759 501 1831 Iope
515 1756 577 1816 dici
588 1771 674 1815 nermo
688 1755 841 1823 dubitauit.
887 1755 959 1828 Quis
977 1773 1049 1832 erpo
1068 1755 1180 1818 tonos?
1201 1763 1234 1817 ui
1253 1759 1312 1833 ipsi
1330 1763 1445 1820 mortuo

296 1858 597 1936 parentibusque
617 1859 714 1926 eius,
737 1858 809 1919 dum
829 1860 907 1918 intus
931 1862 1045 1934 positos
1067 1865 1141 1920 esser
1157 1859 1272 1933 forisve
1290 1860 1444 1933 ferretur,

300 1965 382 2024 sinc
392 1961 539 2036 froude
553 1965 650 2020 esset
662 1962 857 2036 imposiia'‚
873 1979 935 2022 nec
949 1957 1033 2021 mira
1047 1958 1133 2024 inter
1146 1967 1321 2046 utrumque
1336 1957 1444 2024 locum

301 2058 499 2147 conspiratio
520 2057 681 2145 explicari
700 2053 765 2123 nisi
786 2081 953 2124 sumamus
976 2069 1009 2126 et
1029 2061 1220 2127 Ciceronem
1247 2070 1281 2126 et
1300 2059 1445 2126 Plinium

300 2161 606 2228 eiusdemauctcris
614 2161 757 2246 vestigia
771 2161 948 2248 pressisse:
965 2183 1103 2250 eumque
1110 2163 1243 2228 Aelium
1256 2163 1371 2245 fuisse,
1388 2163 1445 2250 qui

301 2263 389 2352 apud
405 2262 598 2329 Ciceronem
617 2265 733 2350 paucis
748 2263 901 2330 versibus
916 2272 993 2329 ante
1008 2263 1129 2330 citatur
1144 2265 1187 2330 ad
1202 2264 1333 2330 ‘lessus’
1348 2285 1445 2330 vcca-

299 2366 368 2432 bali
382 2366 548 2431 notionem
562 2365 802 2452 expediendam
816 2401 859 2414 -
873 2366 927 2430 cui
947 2367 1100 2433 convenit
1114 2367 1212 2432 etiam
1227 2367 1318 2434 vocis
1335 2374 1445 2454 ‘pecu-

300 2469 368 2533 nia’
385 2467 474 2555 apud
488 2467 633 2532 Plinium
653 2468 883 2555 interpretatio
898 2506 940 2516 —
956 2467 1112 2556 proclivis
1128 2469 1315 2535 coniectura
1330 2478 1388 2534 est.
1404 2486 1447 2519 ¹-

300 2559 410 2657 thue
430 2569 571 2635 similem
592 2569 627 2633 in
649 2568 784 2635 modum
802 2571 908 2659 ipsius
924 2570 1091 2638 Ciceronis
1111 2571 1214 2638 verba
1229 2594 1271 2636 ex
1286 2593 1333 2639 or.
1349 2571 1445 2637 Milo·

300 2673 399 2738 niana
418 2673 456 2756 3,
479 2672 499 2737 9
526 2677 645 2752 ‘quodsi
664 2677 736 2736 XII
752 2678 872 2738 iooatoe
896 2688 1073 2739 moctoruom
1090 2677 1194 2752 forem
1213 2693 1329 2753 quoquo
1350 2678 1445 2751 mocio,

302 2779 442 2839 immam
457 2784 558 2840 comm
571 2781 600 2839 si
612 2796 644 2840 se
658 2782 714 2840 telo
728 2779 906 2854 defenderet
919 2781 1048 2853 interfici
1061 2782 1180 2856 impune
1194 2783 1364 2856 voluerant,
1381 2781 1447 2854 pais

300 2889 342 2940 cst
357 2927 364 2941 .
382 2923 391 2940 .
409 2883 430 2938 .'
447 2875 693 2963 descripserunt
708 2876 930 2959 Quintilianus
941 2875 973 2940 V
991 2878 1039 2958 14,
1059 2878 1096 2941 18
1113 2885 1145 2942 et
1161 2886 1276 2942 auctor
1291 2875 1445 2942 Collatio·

300 2979 350 3043 nis
366 2977 477 3064 legum
490 2979 710 3044 Mosaicarnm
726 2988 759 3044 et
772 2979 995 3044 Romanarum
1006 2979 1074 3044 VII
1090 2981 1119 3062 1,
1135 2979 1249 3066 paucis
1265 2978 1444 3043 immutatis

301 3080 335 3170 in
349 3103 445 3145 11111
459 3103 555 3145 usum
570 3090 739 3147 verterunt
754 3081 879 3146 Seneca
894 3081 1050 3146 Controv.
1063 3103 1135 3145 exo.
1147 3081 1182 3145 X
1193 3081 1224 3164 6,
1239 3081 1272 3164 4,
1289 3090 1321 3146 et
1332 3082 1444 3164 Augu-

302 3183 404 3249 stinus
421 3181 557 3264 Quaest.
572 3184 608 3246 in
622 3183 757 3269 Heptat.
773 3182 866 3247 1184
882 3182 980 3268 (Tab.
997 3178 1083 3247 VIII
1101 3183 1138 3246 ll
1155 3183 1230 3270 sq.).

383 3285 525 3363 Omnino
540 3294 649 3349 autern
665 3285 743 3349 inde
758 3307 778 3348 a
792 3285 906 3371 primis
921 3285 1158 3370 imperatorum
1172 3285 1374 3372 temporibus
1387 3283 1442 3350 lex

300 3387 373 3474 ipsa
392 3408 492 3474 quam
513 3406 580 3450 non
600 3386 698 3452 solita
718 3387 816 3452 sitin
841 3385 1017 3452 consilium
1040 3387 1171 3470 vocari,
1198 3388 1322 3473 insigni
1347 3387 1442 3474 lapsu

300 3488 426 3553 Plinius
447 3487 559 3575 prodit
578 3487 620 3553 N.
641 3488 850 3571 H.V1160,
871 3488 935 3553 212
959 3499 1066 3555 crtum
1087 3497 1216 3554 tantum
1238 3499 1271 3555 et
1292 3512 1445 3555 occasum

301 3589 379 3656 solis
393 3591 430 3655 in
444 3589 517 3656 XII
529 3591 711 3674 nominari,
732 3600 809 3677 post
829 3591 957 3678 aliquot
972 3612 1074 3656 annos
1090 3591 1254 3657 adiectum
1273 3591 1449 3658 meridiem.

301 3715 372 3759 esse
393 3692 563 3759 dictitans:
589 3692 708 3779 quibus
731 3693 907 3759 manifesto
928 3694 1138 3778 refragantur
1158 3694 1261 3760 verba
1276 3693 1347 3759 XII
1363 3699 1445 3758 ‘onie

301 3799 452 3860 meridiem
481 3813 621 3860 caussam
648 3801 808 3860 coiciumo’
832 3804 868 3860 ‘et
893 3803 976 3875 ‘posi
1003 3799 1158 3859 meridiem
1180 3802 1339 3883 praesenti
1365 3801 1444 3860 litem

301 3902 450 3962 addicito'
466 3897 483 3962 I
499 3897 518 3960 i
535 3917 595 3983 sq.,
617 3918 655 3961 11
674 3897 856 3964 cumulavit
870 3919 1013 3962 errorem
1027 3896 1111 3962 miro
1126 3897 1309 3983 patrocinio
1322 3897 1445 3963 Gotho·

300 3999 412 4065 bedas
427 3999 462 4063 in
476 3997 575 4065 Notis
591 4000 683 4067 brev.
700 4000 743 4066 ad
758 3999 863 4085 legem
878 4020 905 4064 c.
932 3997 1025 4084 (Otto
1038 3997 1227 4063 Thesaurus
1239 3997 1293 4064 III
1303 4019 1335 4085 p.
1350 3997 1442 4082 160):

301 4123 363 4188 quo
385 4110 428 4165 ne
450 4101 638 4168 Dirksenus
661 4101 792 4189 quidem
813 4101 975 4167 abstinuit
997 4099 1110 4184 (Legis
1126 4099 1197 4164 XII
1218 4099 1309 4165 tabb.
1325 4099 1444 4184 fragm.

301 4225 331 4289 p.
355 4203 443 4286 178).
480 4201 593 4268 Etiam
614 4206 719 4288 magis
740 4202 934 4288 castiganda
954 4210 1004 4266 est
1029 4200 1322 4266 iureconsultorum
1346 4201 1381 4264 in
1406 4221 1444 4266 eo

301 4327 419 4390 genere
442 4305 604 4371 socordia.
639 4307 725 4371 Nam
745 4327 943 4392 quamquam
963 4323 1067 4389 neque
1082 4302 1248 4371 Antistius
1263 4287 1374 4369 Labeo
1389 4325 1443 4368 ne·

302 4430 363 4494 que
375 4406 493 4472 Ateius
507 4407 623 4495 Capito
640 4407 811 4472 defuerant
825 4406 890 4491 legi
902 4405 974 4471 XII
989 4403 1191 4487 tractandae,
1208 4413 1317 4470 tamen
1333 4427 1444 4471 eorum

303 4519 481 4576 sectatores
502 4509 735 4595 magistrorum
756 4509 985 4573 auctoritatem
1004 4508 1039 4571 in
1065 4506 1181 4572 ceteris
1208 4507 1277 4571 acri
1301 4508 1445 4594 partium
1508 4582 1510 4586 ¹

303 4611 411 4676 studio
432 4621 598 4678 servatam
617 4613 653 4676 in
671 4613 734 4676 hac
754 4634 790 4677 re
804 4631 939 4698 prorsus
956 4607 1207 4694 dereliquerunt.
1240 4608 1394 4690 Quicum
1409 4609 1443 4672 in

301 4712 381 4778 iuris
404 4712 553 4780 doctrina
572 4712 770 4801 expolienda
789 4734 917 4778 summa
937 4733 1010 4778 cum
1025 4711 1204 4808 certatione
1220 4718 1441 4794 versarentur,
