<?xml version="1.0" encoding="UTF-8"?>
<!DOCTYPE html PUBLIC "-//W3C//DTD XHTML 1.0 Transitional//EN"
    "http://www.w3.org/TR/xhtml1/DTD/xhtml1-transitional.dtd">
<html xmlns="http://www.w3.org/1999/xhtml" xml:lang="en" lang="en">
 <head>
  <title>
</title>
<meta http-equiv="Content-Type" content="text/html;charset=utf-8" />
  <meta name='ocr-system' content='tesseract 3.04.00' />
  <meta name='ocr-capabilities' content='ocr_page ocr_carea ocr_par ocr_line ocrx_word'/>
</head>
<body>
  <div class='ocr_page' id='page_1' title='image "./legisdvodecimta00schgoog_0115.png"; bbox 0 0 3709 5634; ppageno 0'>
   <div class='ocr_carea' id='block_1_1' title="bbox 433 632 1437 717">
    <p class='ocr_par' dir='ltr' id='par_1_1' title="bbox 433 632 1437 717">
     <span class='ocr_line' id='line_1_1' title="bbox 433 632 1437 717; baseline 0.006 -16"><span class='ocrx_word' id='word_1_1' title='bbox 433 656 480 703; x_wconf 85' lang='lat' dir='ltr'><strong>nn</strong></span> <span class='ocrx_word' id='word_1_2' title='bbox 503 656 555 703; x_wconf 84' lang='lat' dir='ltr'><strong>xrr</strong></span> <span class='ocrx_word' id='word_1_3' title='bbox 577 653 790 703; x_wconf 75' lang='lat' dir='ltr'><strong>rnavnssvu</strong></span> <span class='ocrx_word' id='word_1_4' title='bbox 812 655 990 717; x_wconf 72' lang='lat' dir='ltr'><strong>nanterus</strong></span> <span class='ocrx_word' id='word_1_5' title='bbox 1013 632 1299 708; x_wconf 81' lang='lat' dir='ltr'><strong>oou&#39;srrrvnnnrs.</strong></span> <span class='ocrx_word' id='word_1_6' title='bbox 1396 640 1437 707; x_wconf 83' lang='grc'><strong>97</strong></span> 
     </span>
    </p>
   </div>
   <div class='ocr_carea' id='block_1_2' title="bbox 276 808 1440 1308">
    <p class='ocr_par' dir='ltr' id='par_1_2' title="bbox 276 808 1440 1308">
     <span class='ocr_line' id='line_1_2' title="bbox 276 808 1437 897; baseline 0.007 -24"><span class='ocrx_word' id='word_1_7' title='bbox 276 817 422 897; x_wconf 58' lang='lat' dir='ltr'><strong>,repetat</strong></span> <span class='ocrx_word' id='word_1_8' title='bbox 435 810 574 897; x_wconf 84' lang='lat' dir='ltr'><strong>perfecti</strong></span> <span class='ocrx_word' id='word_1_9' title='bbox 595 810 663 875; x_wconf 90' lang='lat' dir='ltr'><strong>vim</strong></span> <span class='ocrx_word' id='word_1_10' title='bbox 684 808 718 873; x_wconf 92' lang='lat' dir='ltr'><strong>in</strong></span> <span class='ocrx_word' id='word_1_11' title='bbox 733 808 805 895; x_wconf 92' lang='lat' dir='ltr'><strong>lege</strong></span> <span class='ocrx_word' id='word_1_12' title='bbox 825 832 846 875; x_wconf 88' lang='lat' dir='ltr'><strong>a</strong></span> <span class='ocrx_word' id='word_1_13' title='bbox 867 812 1089 897; x_wconf 76' lang='lat' dir='ltr'><strong>grammaticis</strong></span> <span class='ocrx_word' id='word_1_14' title='bbox 1109 812 1221 880; x_wconf 86' lang='lat' dir='ltr'><strong>futuro</strong></span> <span class='ocrx_word' id='word_1_15' title='bbox 1246 823 1363 881; x_wconf 87' lang='lat' dir='ltr'><strong>exacto</strong></span> <span class='ocrx_word' id='word_1_16' title='bbox 1382 837 1437 881; x_wconf 85' lang='lat' dir='ltr'><strong>ex·</strong></span> 
     </span>
     <span class='ocr_line' id='line_1_3' title="bbox 293 911 1438 1005; baseline 0.003 -28"><span class='ocrx_word' id='word_1_17' title='bbox 293 913 401 999; x_wconf 87' lang='lat' dir='ltr'><strong>primi,</strong></span> <span class='ocrx_word' id='word_1_18' title='bbox 416 911 553 977; x_wconf 90' lang='lat' dir='ltr'><strong>nimium</strong></span> <span class='ocrx_word' id='word_1_19' title='bbox 569 912 703 999; x_wconf 90' lang='lat' dir='ltr'><strong>probat:</strong></span> <span class='ocrx_word' id='word_1_20' title='bbox 720 912 818 979; x_wconf 88' lang='lat' dir='ltr'><strong>immo</strong></span> <span class='ocrx_word' id='word_1_21' title='bbox 834 915 966 980; x_wconf 86' lang='lat' dir='ltr'><strong>inverso</strong></span> <span class='ocrx_word' id='word_1_22' title='bbox 981 915 1097 981; x_wconf 86' lang='lat' dir='ltr'>ordine</span> <span class='ocrx_word' id='word_1_23' title='bbox 1113 915 1268 1000; x_wconf 80' lang='lat' dir='ltr'><strong>dicemus,</strong></span> <span class='ocrx_word' id='word_1_24' title='bbox 1283 917 1438 1005; x_wconf 84' lang='lat' dir='ltr'><strong>quoniam</strong></span> 
     </span>
     <span class='ocr_line' id='line_1_4' title="bbox 294 1014 1439 1103; baseline 0.007 -26"><span class='ocrx_word' id='word_1_25' title='bbox 294 1016 329 1078; x_wconf 93' lang='lat' dir='ltr'><strong>in</strong></span> <span class='ocrx_word' id='word_1_26' title='bbox 343 1014 457 1100; x_wconf 85' lang='lat' dir='ltr'><strong>glossa</strong></span> <span class='ocrx_word' id='word_1_27' title='bbox 478 1014 625 1081; x_wconf 85' lang='lat' dir='ltr'><strong>futurum</strong></span> <span class='ocrx_word' id='word_1_28' title='bbox 645 1025 847 1103; x_wconf 85' lang='lat' dir='ltr'><strong>apponatur,</strong></span> <span class='ocrx_word' id='word_1_29' title='bbox 870 1016 956 1083; x_wconf 91' lang='lat' dir='ltr'><strong>idem</strong></span> <span class='ocrx_word' id='word_1_30' title='bbox 979 1039 1022 1082; x_wconf 90' lang='lat' dir='ltr'><strong>ex</strong></span> <span class='ocrx_word' id='word_1_31' title='bbox 1040 1016 1192 1085; x_wconf 89' lang='lat' dir='ltr'><strong>lemmate</strong></span> <span class='ocrx_word' id='word_1_32' title='bbox 1213 1019 1345 1087; x_wconf 87' lang='lat' dir='ltr'><strong>turbato</strong></span> <span class='ocrx_word' id='word_1_33' title='bbox 1366 1042 1439 1085; x_wconf 90' lang='lat' dir='ltr'><strong>esse</strong></span> 
     </span>
     <span class='ocr_line' id='line_1_5' title="bbox 294 1116 1440 1209; baseline 0.003 -27"><span class='ocrx_word' id='word_1_34' title='bbox 294 1116 485 1182; x_wconf 90' lang='lat' dir='ltr'><strong>eruendum.</strong></span> <span class='ocrx_word' id='word_1_35' title='bbox 508 1116 579 1183; x_wconf 91' lang='lat' dir='ltr'><strong>Nec</strong></span> <span class='ocrx_word' id='word_1_36' title='bbox 594 1116 742 1203; x_wconf 83' lang='lat' dir='ltr'><strong>profecto</strong></span> <span class='ocrx_word' id='word_1_37' title='bbox 755 1118 890 1185; x_wconf 88' lang='lat' dir='ltr'><strong>fortuito</strong></span> <span class='ocrx_word' id='word_1_38' title='bbox 912 1142 927 1183; x_wconf 90' lang='lat' dir='ltr'><strong>s</strong></span> <span class='ocrx_word' id='word_1_39' title='bbox 950 1118 1060 1185; x_wconf 85' lang='lat' dir='ltr'><strong>littera</strong></span> <span class='ocrx_word' id='word_1_40' title='bbox 1074 1120 1238 1187; x_wconf 78' lang='lat' dir='ltr'><strong>adhaesit:</strong></span> <span class='ocrx_word' id='word_1_41' title='bbox 1260 1142 1359 1209; x_wconf 90' lang='lat' dir='ltr'><strong>quam</strong></span> <span class='ocrx_word' id='word_1_42' title='bbox 1380 1143 1440 1186; x_wconf 91' lang='lat' dir='ltr'><strong>sua</strong></span> 
     </span>
     <span class='ocr_line' id='line_1_6' title="bbox 294 1218 1439 1308; baseline 0.003 -24"><span class='ocrx_word' id='word_1_43' title='bbox 294 1220 402 1306; x_wconf 90' lang='lat' dir='ltr'><strong>potius</strong></span> <span class='ocrx_word' id='word_1_44' title='bbox 425 1219 504 1285; x_wconf 91' lang='lat' dir='ltr'><strong>sede</strong></span> <span class='ocrx_word' id='word_1_45' title='bbox 523 1227 645 1286; x_wconf 88' lang='lat' dir='ltr'><strong>motam</strong></span> <span class='ocrx_word' id='word_1_46' title='bbox 666 1242 705 1286; x_wconf 88' lang='lat' dir='ltr'><strong>ac</strong></span> <span class='ocrx_word' id='word_1_47' title='bbox 725 1218 865 1287; x_wconf 81' lang='lat' dir='ltr'><strong>fortasse</strong></span> <span class='ocrx_word' id='word_1_48' title='bbox 887 1244 987 1308; x_wconf 89' lang='lat' dir='ltr'><strong>supra</strong></span> <span class='ocrx_word' id='word_1_49' title='bbox 1006 1244 1138 1287; x_wconf 89' lang='lat' dir='ltr'><strong>versum</strong></span> <span class='ocrx_word' id='word_1_50' title='bbox 1158 1223 1307 1289; x_wconf 86' lang='lat' dir='ltr'><strong>additam</strong></span> <span class='ocrx_word' id='word_1_51' title='bbox 1328 1244 1439 1290; x_wconf 91' lang='lat' dir='ltr'><strong>errore</strong></span> 
     </span>
    </p>
   </div>
   <div class='ocr_carea' id='block_1_3' title="bbox 166 1320 1441 1409">
    <p class='ocr_par' dir='ltr' id='par_1_3' title="bbox 166 1320 1441 1409">
     <span class='ocr_line' id='line_1_7' title="bbox 166 1320 1441 1409; baseline 0.007 -27"><span class='ocrx_word' id='word_1_52' title='bbox 166 1338 168 1347; x_wconf 91' lang='lat'>·</span> <span class='ocrx_word' id='word_1_53' title='bbox 294 1320 421 1387; x_wconf 90' lang='lat' dir='ltr'><strong>librarii</strong></span> <span class='ocrx_word' id='word_1_54' title='bbox 451 1332 526 1409; x_wconf 95' lang='lat' dir='ltr'><strong>post</strong></span> <span class='ocrx_word' id='word_1_55' title='bbox 554 1338 591 1386; x_wconf 81' lang='lat' dir='ltr'><strong>1A</strong></span> <span class='ocrx_word' id='word_1_56' title='bbox 618 1344 660 1388; x_wconf 84' lang='lat' dir='ltr'><strong>ex</strong></span> <span class='ocrx_word' id='word_1_57' title='bbox 685 1340 723 1387; x_wconf 75' lang='lat' dir='ltr'><strong>nr</strong></span> <span class='ocrx_word' id='word_1_58' title='bbox 751 1322 938 1390; x_wconf 89' lang='lat' dir='ltr'><strong>mutilatum</strong></span> <span class='ocrx_word' id='word_1_59' title='bbox 967 1324 1125 1389; x_wconf 73' lang='lat' dir='ltr'><strong>insertam</strong></span> <span class='ocrx_word' id='word_1_60' title='bbox 1153 1347 1226 1392; x_wconf 91' lang='lat' dir='ltr'><strong>esse</strong></span> <span class='ocrx_word' id='word_1_61' title='bbox 1252 1326 1441 1392; x_wconf 81' lang='lat' dir='ltr'><strong>subindicat</strong></span> 
     </span>
    </p>
   </div>
   <div class='ocr_carea' id='block_1_4' title="bbox 293 1422 1483 3043">
    <p class='ocr_par' dir='ltr' id='par_1_4' title="bbox 293 1422 1483 3043">
     <span class='ocr_line' id='line_1_8' title="bbox 294 1422 1442 1513; baseline 0.003 -26"><span class='ocrx_word' id='word_1_62' title='bbox 294 1422 612 1512; x_wconf 69' lang='lat' dir='ltr'><strong>Pauli&#39;cpmparatio</strong></span> <span class='ocrx_word' id='word_1_63' title='bbox 634 1426 690 1513; x_wconf 91' lang='lat' dir='ltr'><strong>qui</strong></span> <span class='ocrx_word' id='word_1_64' title='bbox 711 1425 892 1493; x_wconf 90' lang='lat' dir='ltr'><strong>nonhabet</strong></span> <span class='ocrx_word' id='word_1_65' title='bbox 911 1426 977 1492; x_wconf 91' lang='lat' dir='ltr'><strong>nisi</strong></span> <span class='ocrx_word' id='word_1_66' title='bbox 997 1428 1136 1507; x_wconf 78' lang='lat' dir='ltr'><strong>‘rupitia</strong></span> <span class='ocrx_word' id='word_1_67' title='bbox 1160 1431 1303 1492; x_wconf 83' lang='lat' dir='ltr'><strong>domnum</strong></span> <span class='ocrx_word' id='word_1_68' title='bbox 1324 1432 1442 1494; x_wconf 83' lang='lat' dir='ltr'><strong>dederit</strong></span> 
     </span>
     <span class='ocr_line' id='line_1_9' title="bbox 293 1527 1440 1617; baseline 0.004 -28"><span class='ocrx_word' id='word_1_69' title='bbox 293 1532 465 1605; x_wconf 64' lang='lat' dir='ltr'><strong>sipnificut?</strong></span> <span class='ocrx_word' id='word_1_70' title='bbox 503 1528 705 1615; x_wconf 85' lang='lat' dir='ltr'><strong>Itaqueiam</strong></span> <span class='ocrx_word' id='word_1_71' title='bbox 724 1527 819 1593; x_wconf 86' lang='lat' dir='ltr'><strong>vides</strong></span> <span class='ocrx_word' id='word_1_72' title='bbox 840 1550 892 1593; x_wconf 93' lang='lat' dir='ltr'><strong>me</strong></span> <span class='ocrx_word' id='word_1_73' title='bbox 914 1550 952 1594; x_wconf 91' lang='lat' dir='ltr'><strong>eo</strong></span> <span class='ocrx_word' id='word_1_74' title='bbox 973 1528 1095 1608; x_wconf 86' lang='lat' dir='ltr'><strong>redire,</strong></span> <span class='ocrx_word' id='word_1_75' title='bbox 1118 1529 1206 1615; x_wconf 94' lang='lat' dir='ltr'><strong>quod</strong></span> <span class='ocrx_word' id='word_1_76' title='bbox 1226 1530 1293 1594; x_wconf 90' lang='lat' dir='ltr'><strong>iam</strong></span> <span class='ocrx_word' id='word_1_77' title='bbox 1313 1528 1440 1617; x_wconf 81' lang='lat' dir='ltr'><strong>pridem</strong></span> 
     </span>
     <span class='ocr_line' id='line_1_10' title="bbox 295 1628 1441 1719; baseline 0.002 -26"><span class='ocrx_word' id='word_1_78' title='bbox 295 1628 458 1715; x_wconf 83' lang='lat' dir='ltr'><strong>sagaciter</strong></span> <span class='ocrx_word' id='word_1_79' title='bbox 472 1630 600 1696; x_wconf 90' lang='lat' dir='ltr'><strong>invenit</strong></span> <span class='ocrx_word' id='word_1_80' title='bbox 614 1630 760 1716; x_wconf 83' lang='lat' dir='ltr'><strong>Scaliger</strong></span> <span class='ocrx_word' id='word_1_81' title='bbox 775 1633 901 1711; x_wconf 79' lang='lat' dir='ltr'><strong>‘rupsi</strong></span> <span class='ocrx_word' id='word_1_82' title='bbox 907 1641 919 1695; x_wconf 95' lang='lat' dir='ltr'><strong>t</strong></span> <span class='ocrx_word' id='word_1_83' title='bbox 937 1638 950 1696; x_wconf 92' lang='lat' dir='ltr'><strong>i</strong></span> <span class='ocrx_word' id='word_1_84' title='bbox 954 1653 975 1694; x_wconf 83' lang='lat' dir='ltr'><strong>u</strong></span> <span class='ocrx_word' id='word_1_85' title='bbox 989 1634 1062 1696; x_wconf 84' lang='lat' dir='ltr'><strong>XII</strong></span> <span class='ocrx_word' id='word_1_86' title='bbox 1076 1637 1152 1710; x_wconf 77' lang='lat' dir='ltr'><strong>sipia</strong></span> <span class='ocrx_word' id='word_1_87' title='bbox 1170 1636 1200 1696; x_wconf 86' lang='lat' dir='ltr'><strong>d.</strong></span> <span class='ocrx_word' id='word_1_88' title='bbox 1216 1636 1261 1695; x_wconf 80' lang='lat' dir='ltr'><strong>d’</strong></span> <span class='ocrx_word' id='word_1_89' title='bbox 1290 1631 1441 1719; x_wconf 87' lang='lat' dir='ltr'><strong>Namque</strong></span> 
     </span>
     <span class='ocr_line' id='line_1_11' title="bbox 294 1719 1440 1820; baseline 0.003 -25"><span class='ocrx_word' id='word_1_90' title='bbox 294 1731 456 1797; x_wconf 86' lang='lat' dir='ltr'><strong>incautius</strong></span> <span class='ocrx_word' id='word_1_91' title='bbox 471 1731 658 1798; x_wconf 89' lang='lat' dir='ltr'><strong>Dirksenus</strong></span> <span class='ocrx_word' id='word_1_92' title='bbox 674 1732 862 1820; x_wconf 89' lang='lat' dir='ltr'><strong>obloquitur</strong></span> <span class='ocrx_word' id='word_1_93' title='bbox 876 1732 980 1819; x_wconf 66' lang='lat' dir='ltr'><strong>pseu</strong></span> <span class='ocrx_word' id='word_1_94' title='bbox 994 1738 1115 1814; x_wconf 70' lang='lat' dir='ltr'><strong>‘rupsit’</strong></span> <span class='ocrx_word' id='word_1_95' title='bbox 1130 1733 1270 1799; x_wconf 87' lang='lat' dir='ltr'><strong>formam</strong></span> <span class='ocrx_word' id='word_1_96' title='bbox 1285 1719 1367 1799; x_wconf 87' lang='lat' dir='ltr'><strong>adeo</strong></span> <span class='ocrx_word' id='word_1_97' title='bbox 1384 1734 1440 1800; x_wconf 93' lang='lat' dir='ltr'><strong>ob-</strong></span> 
     </span>
     <span class='ocr_line' id='line_1_12' title="bbox 294 1832 1440 1923; baseline 0.003 -26"><span class='ocrx_word' id='word_1_98' title='bbox 294 1832 432 1899; x_wconf 81' lang='lat' dir='ltr'><strong>soletum</strong></span> <span class='ocrx_word' id='word_1_99' title='bbox 447 1856 513 1900; x_wconf 93' lang='lat' dir='ltr'><strong>non</strong></span> <span class='ocrx_word' id='word_1_100' title='bbox 527 1834 646 1918; x_wconf 87' lang='lat' dir='ltr'><strong>fuisse,</strong></span> <span class='ocrx_word' id='word_1_101' title='bbox 667 1856 751 1922; x_wconf 87' lang='lat' dir='ltr'><strong>quae</strong></span> <span class='ocrx_word' id='word_1_102' title='bbox 765 1835 1038 1921; x_wconf 86' lang='lat' dir='ltr'><strong>interpretatione</strong></span> <span class='ocrx_word' id='word_1_103' title='bbox 1059 1845 1180 1920; x_wconf 87' lang='lat' dir='ltr'><strong>egeret.</strong></span> <span class='ocrx_word' id='word_1_104' title='bbox 1218 1834 1317 1916; x_wconf 79' lang='lat' dir='ltr'><strong>Quod</strong></span> <span class='ocrx_word' id='word_1_105' title='bbox 1334 1857 1440 1923; x_wconf 91' lang='lat' dir='ltr'><strong>neque</strong></span> 
     </span>
     <span class='ocr_line' id='line_1_13' title="bbox 294 1935 1442 2026; baseline 0.003 -27"><span class='ocrx_word' id='word_1_106' title='bbox 294 1957 352 2022; x_wconf 89' lang='lat' dir='ltr'><strong>per</strong></span> <span class='ocrx_word' id='word_1_107' title='bbox 372 1957 408 2001; x_wconf 92' lang='lat' dir='ltr'><strong>se</strong></span> <span class='ocrx_word' id='word_1_108' title='bbox 428 1936 463 2000; x_wconf 88' lang='lat' dir='ltr'><strong>in</strong></span> <span class='ocrx_word' id='word_1_109' title='bbox 478 1935 632 2001; x_wconf 87' lang='lat' dir='ltr'><strong>Verrium</strong></span> <span class='ocrx_word' id='word_1_110' title='bbox 654 1936 759 2016; x_wconf 86' lang='lat' dir='ltr'><strong>valet,</strong></span> <span class='ocrx_word' id='word_1_111' title='bbox 782 1938 838 2025; x_wconf 91' lang='lat' dir='ltr'><strong>qui</strong></span> <span class='ocrx_word' id='word_1_112' title='bbox 859 1936 940 2001; x_wconf 86' lang='lat' dir='ltr'><strong>talia</strong></span> <span class='ocrx_word' id='word_1_113' title='bbox 959 1959 1088 2024; x_wconf 92' lang='lat' dir='ltr'><strong>quoque</strong></span> <span class='ocrx_word' id='word_1_114' title='bbox 1108 1936 1205 2026; x_wconf 92' lang='lat' dir='ltr'><strong>plura</strong></span> <span class='ocrx_word' id='word_1_115' title='bbox 1225 1936 1385 2023; x_wconf 88' lang='lat' dir='ltr'><strong>receperit</strong></span> <span class='ocrx_word' id='word_1_116' title='bbox 1399 1976 1442 1986; x_wconf 94' lang='lat'>-</span> 
     </span>
     <span class='ocr_line' id='line_1_14' title="bbox 294 2036 1483 2126; baseline 0.003 -25"><span class='ocrx_word' id='word_1_117' title='bbox 294 2036 336 2102; x_wconf 88' lang='lat' dir='ltr'><strong>cf.</strong></span> <span class='ocrx_word' id='word_1_118' title='bbox 353 2037 450 2104; x_wconf 92' lang='lat' dir='ltr'><strong>modo</strong></span> <span class='ocrx_word' id='word_1_119' title='bbox 465 2038 587 2103; x_wconf 90' lang='lat' dir='ltr'><strong>Paulus</strong></span> <span class='ocrx_word' id='word_1_120' title='bbox 602 2062 635 2126; x_wconf 91' lang='lat' dir='ltr'><strong>p.</strong></span> <span class='ocrx_word' id='word_1_121' title='bbox 653 2039 713 2105; x_wconf 80' lang='lat'><strong>107</strong></span> <span class='ocrx_word' id='word_1_122' title='bbox 729 2046 873 2105; x_wconf 74' lang='lat' dir='ltr'><strong>‘incessit</strong></span> <span class='ocrx_word' id='word_1_123' title='bbox 891 2044 1058 2104; x_wconf 83' lang='lat' dir='ltr'><strong>incenderit</strong></span> <span class='ocrx_word' id='word_1_124' title='bbox 1076 2046 1154 2105; x_wconf 82' lang='lat' dir='ltr'><strong>sicut</strong></span> <span class='ocrx_word' id='word_1_125' title='bbox 1173 2046 1299 2120; x_wconf 81' lang='lat' dir='ltr'><strong>inrepsit</strong></span> <span class='ocrx_word' id='word_1_126' title='bbox 1317 2046 1442 2119; x_wconf 84' lang='lat' dir='ltr'><strong>inrepe—</strong></span> <span class='ocrx_word' id='word_1_127' title='bbox 1475 2069 1483 2077; x_wconf 87' lang='lat'>·</span> 
     </span>
     <span class='ocr_line' id='line_1_15' title="bbox 294 2140 1441 2239; baseline 0.001 -35"><span class='ocrx_word' id='word_1_128' title='bbox 294 2146 345 2205; x_wconf 85' lang='lat' dir='ltr'><strong>rit’</strong></span> <span class='ocrx_word' id='word_1_129' title='bbox 356 2178 399 2191; x_wconf 93' lang='lat'><em>-</em></span> <span class='ocrx_word' id='word_1_130' title='bbox 409 2161 514 2227; x_wconf 92' lang='lat' dir='ltr'><strong>neque</strong></span> <span class='ocrx_word' id='word_1_131' title='bbox 530 2140 708 2239; x_wconf 83' lang='lat' dir='ltr'><strong>quidquam</strong></span> <span class='ocrx_word' id='word_1_132' title='bbox 724 2142 765 2207; x_wconf 90' lang='lat' dir='ltr'><strong>ad</strong></span> <span class='ocrx_word' id='word_1_133' title='bbox 780 2142 866 2207; x_wconf 92' lang='lat' dir='ltr'><strong>hunc</strong></span> <span class='ocrx_word' id='word_1_134' title='bbox 880 2140 990 2207; x_wconf 87' lang='lat' dir='ltr'><strong>locum</strong></span> <span class='ocrx_word' id='word_1_135' title='bbox 1004 2142 1161 2208; x_wconf 87' lang='lat' dir='ltr'><strong>momenti</strong></span> <span class='ocrx_word' id='word_1_136' title='bbox 1174 2142 1287 2224; x_wconf 83' lang='lat' dir='ltr'><strong>habet,</strong></span> <span class='ocrx_word' id='word_1_137' title='bbox 1302 2140 1361 2207; x_wconf 90' lang='lat' dir='ltr'><strong>ubi</strong></span> <span class='ocrx_word' id='word_1_138' title='bbox 1375 2164 1441 2207; x_wconf 93' lang='lat' dir='ltr'><strong>non</strong></span> 
     </span>
     <span class='ocr_line' id='line_1_16' title="bbox 296 2240 1441 2331; baseline 0.002 -24"><span class='ocrx_word' id='word_1_139' title='bbox 296 2242 335 2307; x_wconf 93' lang='lat' dir='ltr'><strong>de</strong></span> <span class='ocrx_word' id='word_1_140' title='bbox 357 2240 465 2309; x_wconf 88' lang='lat' dir='ltr'><strong>forma</strong></span> <span class='ocrx_word' id='word_1_141' title='bbox 480 2242 606 2328; x_wconf 85' lang='lat' dir='ltr'><strong>agitur,</strong></span> <span class='ocrx_word' id='word_1_142' title='bbox 623 2243 682 2309; x_wconf 90' lang='lat' dir='ltr'><strong>sed</strong></span> <span class='ocrx_word' id='word_1_143' title='bbox 699 2242 739 2309; x_wconf 93' lang='lat' dir='ltr'><strong>de</strong></span> <span class='ocrx_word' id='word_1_144' title='bbox 759 2243 902 2310; x_wconf 86' lang='lat' dir='ltr'><strong>notione.</strong></span> <span class='ocrx_word' id='word_1_145' title='bbox 942 2244 1105 2310; x_wconf 87' lang='lat' dir='ltr'><strong>Nimirum</strong></span> <span class='ocrx_word' id='word_1_146' title='bbox 1118 2243 1209 2331; x_wconf 82' lang='lat' dir='ltr'><strong>&#39;quod</strong></span> <span class='ocrx_word' id='word_1_147' title='bbox 1229 2246 1264 2309; x_wconf 93' lang='lat' dir='ltr'><strong>in</strong></span> <span class='ocrx_word' id='word_1_148' title='bbox 1285 2243 1358 2330; x_wconf 89' lang='lat' dir='ltr'><strong>lege</strong></span> <span class='ocrx_word' id='word_1_149' title='bbox 1377 2243 1441 2309; x_wconf 88' lang='lat' dir='ltr'><strong>fuit</strong></span> 
     </span>
     <span class='ocr_line' id='line_1_17' title="bbox 296 2345 1441 2433; baseline 0.003 -25"><span class='ocrx_word' id='word_1_150' title='bbox 296 2350 335 2409; x_wconf 73' lang='lat' dir='ltr'><strong>‘ri</strong></span> <span class='ocrx_word' id='word_1_151' title='bbox 347 2350 508 2410; x_wconf 69' lang='lat' dir='ltr'><strong>membrum</strong></span> <span class='ocrx_word' id='word_1_152' title='bbox 523 2352 641 2425; x_wconf 82' lang='lat' dir='ltr'><strong>rupsit’‚</strong></span> <span class='ocrx_word' id='word_1_153' title='bbox 658 2345 690 2410; x_wconf 83' lang='lat' dir='ltr'><strong>ld</strong></span> <span class='ocrx_word' id='word_1_154' title='bbox 705 2355 822 2433; x_wconf 88' lang='lat' dir='ltr'><strong>postea</strong></span> <span class='ocrx_word' id='word_1_155' title='bbox 841 2355 874 2411; x_wconf 89' lang='lat' dir='ltr'><strong>et</strong></span> <span class='ocrx_word' id='word_1_156' title='bbox 893 2368 956 2410; x_wconf 89' lang='lat' dir='ltr'><strong>usu</strong></span> <span class='ocrx_word' id='word_1_157' title='bbox 975 2354 1009 2411; x_wconf 90' lang='lat' dir='ltr'><strong>et</strong></span> <span class='ocrx_word' id='word_1_158' title='bbox 1028 2346 1228 2433; x_wconf 88' lang='lat' dir='ltr'><strong>prudentum</strong></span> <span class='ocrx_word' id='word_1_159' title='bbox 1247 2345 1441 2433; x_wconf 85' lang='lat' dir='ltr'><strong>interpreta-</strong></span> 
     </span>
     <span class='ocr_line' id='line_1_18' title="bbox 295 2446 1440 2535; baseline 0.001 -24"><span class='ocrx_word' id='word_1_160' title='bbox 295 2448 382 2511; x_wconf 90' lang='lat' dir='ltr'><strong>tione</strong></span> <span class='ocrx_word' id='word_1_161' title='bbox 398 2446 439 2511; x_wconf 92' lang='lat' dir='ltr'><strong>de</strong></span> <span class='ocrx_word' id='word_1_162' title='bbox 454 2447 570 2533; x_wconf 90' lang='lat' dir='ltr'><strong>quovis</strong></span> <span class='ocrx_word' id='word_1_163' title='bbox 587 2448 705 2513; x_wconf 88' lang='lat' dir='ltr'><strong>damno</strong></span> <span class='ocrx_word' id='word_1_164' title='bbox 720 2446 842 2512; x_wconf 90' lang='lat' dir='ltr'><strong>iniuria</strong></span> <span class='ocrx_word' id='word_1_165' title='bbox 863 2446 941 2513; x_wconf 86' lang='lat' dir='ltr'><strong>dato</strong></span> <span class='ocrx_word' id='word_1_166' title='bbox 956 2456 1128 2535; x_wconf 87' lang='lat' dir='ltr'><strong>acceptum</strong></span> <span class='ocrx_word' id='word_1_167' title='bbox 1147 2458 1213 2515; x_wconf 86' lang='lat' dir='ltr'><strong>est:</strong></span> <span class='ocrx_word' id='word_1_168' title='bbox 1235 2456 1272 2514; x_wconf 90' lang='lat' dir='ltr'><strong>ut</strong></span> <span class='ocrx_word' id='word_1_169' title='bbox 1291 2450 1327 2512; x_wconf 92' lang='lat' dir='ltr'><strong>in</strong></span> <span class='ocrx_word' id='word_1_170' title='bbox 1346 2469 1440 2533; x_wconf 90' lang='lat' dir='ltr'><strong>roga-</strong></span> 
     </span>
     <span class='ocr_line' id='line_1_19' title="bbox 295 2539 1446 2636; baseline 0.002 -24"><span class='ocrx_word' id='word_1_171' title='bbox 295 2548 385 2615; x_wconf 86' lang='lat' dir='ltr'><strong>tione</strong></span> <span class='ocrx_word' id='word_1_172' title='bbox 400 2547 442 2613; x_wconf 90' lang='lat' dir='ltr'><strong>de</strong></span> <span class='ocrx_word' id='word_1_173' title='bbox 456 2571 534 2614; x_wconf 90' lang='lat' dir='ltr'><strong>vere</strong></span> <span class='ocrx_word' id='word_1_174' title='bbox 551 2570 644 2615; x_wconf 86' lang='lat' dir='ltr'><strong>sacro</strong></span> <span class='ocrx_word' id='word_1_175' title='bbox 660 2549 749 2636; x_wconf 91' lang='lat' dir='ltr'><strong>apud</strong></span> <span class='ocrx_word' id='word_1_176' title='bbox 762 2548 896 2614; x_wconf 87' lang='lat' dir='ltr'><strong>Livium</strong></span> <span class='ocrx_word' id='word_1_177' title='bbox 910 2548 1018 2615; x_wconf 90' lang='lat' dir='ltr'>XXII</span> <span class='ocrx_word' id='word_1_178' title='bbox 1035 2550 1092 2631; x_wconf 89' lang='lat'><strong>10,</strong></span> <span class='ocrx_word' id='word_1_179' title='bbox 1108 2549 1129 2613; x_wconf 88' lang='grc'>5</span> <span class='ocrx_word' id='word_1_180' title='bbox 1145 2556 1190 2614; x_wconf 71' lang='lat' dir='ltr'><strong>‘si</strong></span> <span class='ocrx_word' id='word_1_181' title='bbox 1208 2556 1275 2629; x_wconf 83' lang='lat' dir='ltr'><strong>puis</strong></span> <span class='ocrx_word' id='word_1_182' title='bbox 1294 2539 1446 2632; x_wconf 80' lang='lat' dir='ltr'><strong>rumpet</strong></span> 
     </span>
     <span class='ocr_line' id='line_1_20' title="bbox 295 2650 1441 2738; baseline 0.003 -23"><span class='ocrx_word' id='word_1_183' title='bbox 295 2654 443 2716; x_wconf 82' lang='lat' dir='ltr'><strong>occidetue</strong></span> <span class='ocrx_word' id='word_1_184' title='bbox 456 2656 608 2717; x_wconf 65' lang='lat' dir='ltr'><strong>insciens?</strong></span> <span class='ocrx_word' id='word_1_185' title='bbox 638 2655 748 2738; x_wconf 86' lang='lat' dir='ltr'><strong>Atque</strong></span> <span class='ocrx_word' id='word_1_186' title='bbox 763 2650 834 2737; x_wconf 92' lang='lat' dir='ltr'><strong>ipse</strong></span> <span class='ocrx_word' id='word_1_187' title='bbox 849 2650 999 2736; x_wconf 84' lang='lat' dir='ltr'><strong>Scaliger</strong></span> <span class='ocrx_word' id='word_1_188' title='bbox 1013 2651 1085 2716; x_wconf 89' lang='lat' dir='ltr'><strong>iure</strong></span> <span class='ocrx_word' id='word_1_189' title='bbox 1099 2650 1143 2716; x_wconf 91' lang='lat' dir='ltr'><strong>ad</strong></span> <span class='ocrx_word' id='word_1_190' title='bbox 1163 2674 1257 2716; x_wconf 91' lang='lat' dir='ltr'><strong>suam</strong></span> <span class='ocrx_word' id='word_1_191' title='bbox 1278 2652 1441 2718; x_wconf 90' lang='lat' dir='ltr'><strong>coniectu-</strong></span> 
     </span>
     <span class='ocr_line' id='line_1_21' title="bbox 294 2751 1444 2840; baseline 0 -23"><span class='ocrx_word' id='word_1_192' title='bbox 294 2774 366 2818; x_wconf 86' lang='lat' dir='ltr'><strong>ram</strong></span> <span class='ocrx_word' id='word_1_193' title='bbox 380 2751 576 2818; x_wconf 90' lang='lat' dir='ltr'><strong>firmandam</strong></span> <span class='ocrx_word' id='word_1_194' title='bbox 590 2774 669 2819; x_wconf 91' lang='lat' dir='ltr'><strong>usus</strong></span> <span class='ocrx_word' id='word_1_195' title='bbox 685 2762 736 2819; x_wconf 90' lang='lat' dir='ltr'><strong>est</strong></span> <span class='ocrx_word' id='word_1_196' title='bbox 750 2752 883 2840; x_wconf 89' lang='lat' dir='ltr'><strong>Ulpiani</strong></span> <span class='ocrx_word' id='word_1_197' title='bbox 898 2752 1010 2819; x_wconf 88' lang='lat' dir='ltr'><strong>verbis</strong></span> <span class='ocrx_word' id='word_1_198' title='bbox 1025 2752 1069 2817; x_wconf 89' lang='lat' dir='ltr'><strong>D.</strong></span> <span class='ocrx_word' id='word_1_199' title='bbox 1085 2752 1117 2835; x_wconf 87' lang='lat'><strong>9,</strong></span> <span class='ocrx_word' id='word_1_200' title='bbox 1132 2751 1164 2835; x_wconf 81' lang='lat'><strong>2,</strong></span> <span class='ocrx_word' id='word_1_201' title='bbox 1179 2752 1221 2817; x_wconf 78' lang='lat'><strong>27</strong></span> <span class='ocrx_word' id='word_1_202' title='bbox 1237 2757 1257 2835; x_wconf 59' lang='grc' dir='ltr'>ὅ</span> <span class='ocrx_word' id='word_1_203' title='bbox 1274 2753 1313 2819; x_wconf 88' lang='grc'><strong>13</strong></span> <span class='ocrx_word' id='word_1_204' title='bbox 1329 2757 1444 2832; x_wconf 70' lang='lat' dir='ltr'><strong>‘lupuit</strong></span> 
     </span>
     <span class='ocr_line' id='line_1_22' title="bbox 295 2845 1475 2943; baseline 0 -24"><span class='ocrx_word' id='word_1_205' title='bbox 295 2862 347 2919; x_wconf 79' lang='lat' dir='ltr'><strong>tex</strong></span> <span class='ocrx_word' id='word_1_206' title='bbox 362 2856 423 2943; x_wconf 87' lang='lat' dir='ltr'><strong>(sc.</strong></span> <span class='ocrx_word' id='word_1_207' title='bbox 439 2854 574 2942; x_wconf 90' lang='lat' dir='ltr'><strong>Aquilia</strong></span> <span class='ocrx_word' id='word_1_208' title='bbox 589 2858 609 2937; x_wconf 68' lang='grc' dir='ltr'>ξ</span> <span class='ocrx_word' id='word_1_209' title='bbox 624 2854 659 2939; x_wconf 90' lang='grc'><strong>5)</strong></span> <span class='ocrx_word' id='word_1_210' title='bbox 676 2858 869 2935; x_wconf 72' lang='lat' dir='ltr'><strong>“ruperit”:</strong></span> <span class='ocrx_word' id='word_1_211' title='bbox 890 2862 1008 2935; x_wconf 81' lang='lat' dir='ltr'><strong>rupisse</strong></span> <span class='ocrx_word' id='word_1_212' title='bbox 1029 2858 1148 2919; x_wconf 70' lang='lat' dir='ltr'><strong>vudum</strong></span> <span class='ocrx_word' id='word_1_213' title='bbox 1160 2858 1231 2932; x_wconf 82' lang='lat' dir='ltr'><strong>sere</strong></span> <span class='ocrx_word' id='word_1_214' title='bbox 1244 2874 1344 2920; x_wconf 84' lang='lat' dir='ltr'><strong>omues</strong></span> <span class='ocrx_word' id='word_1_215' title='bbox 1357 2866 1441 2921; x_wconf 86' lang='lat' dir='ltr'><strong>uete—</strong></span> <span class='ocrx_word' id='word_1_216' title='bbox 1471 2845 1475 2851; x_wconf 70' lang='grc'><strong>’</strong></span> 
     </span>
     <span class='ocr_line' id='line_1_23' title="bbox 295 2955 1442 3043; baseline 0.001 -22"><span class='ocrx_word' id='word_1_217' title='bbox 295 2978 344 3022; x_wconf 83' lang='lat' dir='ltr'><strong>res</strong></span> <span class='ocrx_word' id='word_1_218' title='bbox 358 2962 403 3023; x_wconf 87' lang='lat' dir='ltr'><strong>sic</strong></span> <span class='ocrx_word' id='word_1_219' title='bbox 416 2962 640 3023; x_wconf 79' lang='lat' dir='ltr'><strong>intellexeruut:</strong></span> <span class='ocrx_word' id='word_1_220' title='bbox 656 2962 852 3037; x_wconf 82' lang='lat' dir='ltr'><strong>corruperit’,</strong></span> <span class='ocrx_word' id='word_1_221' title='bbox 873 2957 992 3043; x_wconf 89' lang='lat' dir='ltr'><strong>quibus</strong></span> <span class='ocrx_word' id='word_1_222' title='bbox 1014 2955 1138 3021; x_wconf 89' lang='lat' dir='ltr'><strong>addere</strong></span> <span class='ocrx_word' id='word_1_223' title='bbox 1159 2964 1288 3043; x_wconf 88' lang='lat' dir='ltr'><strong>poterat</strong></span> <span class='ocrx_word' id='word_1_224' title='bbox 1308 2956 1442 3023; x_wconf 80' lang='lat' dir='ltr'><strong>0011.ss</strong></span> 
     </span>
    </p>
   </div>
   <div class='ocr_carea' id='block_1_5' title="bbox 295 3052 1443 3141">
    <p class='ocr_par' dir='ltr' id='par_1_5' title="bbox 295 3052 1443 3141">
     <span class='ocr_line' id='line_1_24' title="bbox 295 3052 1443 3141; baseline -0.003 -16"><span class='ocrx_word' id='word_1_225' title='bbox 295 3061 317 3125; x_wconf 84' lang='lat'>4</span> <span class='ocrx_word' id='word_1_226' title='bbox 330 3064 473 3141; x_wconf 70' lang='lat' dir='ltr'><strong>‘Rupisse</strong></span> <span class='ocrx_word' id='word_1_227' title='bbox 486 3080 553 3125; x_wconf 89' lang='lat' dir='ltr'><strong>eum</strong></span> <span class='ocrx_word' id='word_1_228' title='bbox 567 3065 667 3139; x_wconf 81' lang='lat' dir='ltr'><strong>utique</strong></span> <span class='ocrx_word' id='word_1_229' title='bbox 681 3065 861 3140; x_wconf 64' lang='lat' dir='ltr'><strong>dormiemus</strong></span> <span class='ocrx_word' id='word_1_230' title='bbox 881 3065 934 3139; x_wconf 80' lang='lat' dir='ltr'><strong>qui</strong></span> <span class='ocrx_word' id='word_1_231' title='bbox 947 3064 1117 3125; x_wconf 81' lang='lat' dir='ltr'><strong>uulnerauit</strong></span> <span class='ocrx_word' id='word_1_232' title='bbox 1129 3064 1176 3124; x_wconf 84' lang='lat' dir='ltr'><strong>uei</strong></span> <span class='ocrx_word' id='word_1_233' title='bbox 1196 3065 1290 3139; x_wconf 76' lang='lat' dir='ltr'><strong>rupis</strong></span> <span class='ocrx_word' id='word_1_234' title='bbox 1304 3052 1352 3124; x_wconf 84' lang='lat' dir='ltr'><strong>uel</strong></span> <span class='ocrx_word' id='word_1_235' title='bbox 1369 3066 1443 3125; x_wconf 86' lang='lat' dir='ltr'><strong>toris</strong></span> 
     </span>
    </p>
   </div>
   <div class='ocr_carea' id='block_1_6' title="bbox 296 3159 1496 4679">
    <p class='ocr_par' dir='ltr' id='par_1_6' title="bbox 296 3159 1496 4679">
     <span class='ocr_line' id='line_1_25' title="bbox 296 3159 1442 3249; baseline -0.002 -22"><span class='ocrx_word' id='word_1_236' title='bbox 296 3168 343 3227; x_wconf 83' lang='lat' dir='ltr'><strong>vet</strong></span> <span class='ocrx_word' id='word_1_237' title='bbox 357 3168 469 3243; x_wconf 76' lang='lat' dir='ltr'><strong>puppis</strong></span> <span class='ocrx_word' id='word_1_238' title='bbox 488 3166 594 3227; x_wconf 82' lang='lat' dir='ltr'><strong>cecidit</strong></span> <span class='ocrx_word' id='word_1_239' title='bbox 614 3184 642 3227; x_wconf 93' lang='lat' dir='ltr'><strong>e.</strong></span> <span class='ocrx_word' id='word_1_240' title='bbox 665 3184 696 3249; x_wconf 89' lang='lat' dir='ltr'><strong>q.</strong></span> <span class='ocrx_word' id='word_1_241' title='bbox 718 3168 758 3226; x_wconf 91' lang='lat' dir='ltr'><strong>s.’</strong></span> <span class='ocrx_word' id='word_1_242' title='bbox 796 3160 935 3227; x_wconf 87' lang='lat' dir='ltr'><strong>Accedit</strong></span> <span class='ocrx_word' id='word_1_243' title='bbox 955 3182 1042 3225; x_wconf 92' lang='lat' dir='ltr'><strong>nunc</strong></span> <span class='ocrx_word' id='word_1_244' title='bbox 1061 3160 1190 3248; x_wconf 90' lang='lat' dir='ltr'><strong>plenius</strong></span> <span class='ocrx_word' id='word_1_245' title='bbox 1212 3159 1278 3225; x_wconf 72' lang='lat' dir='ltr'><strong>(iai</strong></span> <span class='ocrx_word' id='word_1_246' title='bbox 1298 3162 1442 3227; x_wconf 86' lang='lat' dir='ltr'><strong>testimo-</strong></span> 
     </span>
     <span class='ocr_line' id='line_1_26' title="bbox 296 3264 1441 3343; baseline -0.002 -14"><span class='ocrx_word' id='word_1_247' title='bbox 296 3264 389 3330; x_wconf 92' lang='lat' dir='ltr'><strong>nium</strong></span> <span class='ocrx_word' id='word_1_248' title='bbox 404 3265 486 3330; x_wconf 82' lang='lat' dir='ltr'><strong>Inst.</strong></span> <span class='ocrx_word' id='word_1_249' title='bbox 501 3264 555 3329; x_wconf 94' lang='lat' dir='ltr'><strong>III</strong></span> <span class='ocrx_word' id='word_1_250' title='bbox 569 3264 631 3329; x_wconf 77' lang='lat'><strong>217</strong></span> <span class='ocrx_word' id='word_1_251' title='bbox 653 3268 697 3329; x_wconf 71' lang='lat' dir='ltr'><strong>‘si</strong></span> <span class='ocrx_word' id='word_1_252' title='bbox 717 3268 791 3343; x_wconf 81' lang='lat' dir='ltr'><strong>quid</strong></span> <span class='ocrx_word' id='word_1_253' title='bbox 807 3268 885 3328; x_wconf 85' lang='lat' dir='ltr'><strong>euim</strong></span> <span class='ocrx_word' id='word_1_254' title='bbox 907 3276 1004 3328; x_wconf 88' lang='lat' dir='ltr'><strong>ustum</strong></span> <span class='ocrx_word' id='word_1_255' title='bbox 1024 3274 1077 3327; x_wconf 83' lang='lat' dir='ltr'><strong>aut</strong></span> <span class='ocrx_word' id='word_1_256' title='bbox 1094 3273 1216 3343; x_wconf 87' lang='lat' dir='ltr'><strong>ruptum</strong></span> <span class='ocrx_word' id='word_1_257' title='bbox 1236 3272 1290 3327; x_wconf 84' lang='lat' dir='ltr'><strong>aut</strong></span> <span class='ocrx_word' id='word_1_258' title='bbox 1305 3266 1441 3340; x_wconf 80' lang='lat' dir='ltr'><strong>fructum</strong></span> 
     </span>
     <span class='ocr_line' id='line_1_27' title="bbox 298 3363 1442 3452; baseline -0.002 -21"><span class='ocrx_word' id='word_1_259' title='bbox 298 3370 420 3449; x_wconf 82' lang='lat' dir='ltr'><strong>(suerit)</strong></span> <span class='ocrx_word' id='word_1_260' title='bbox 442 3373 519 3433; x_wconf 84' lang='lat' dir='ltr'><strong>aetio</strong></span> <span class='ocrx_word' id='word_1_261' title='bbox 538 3370 594 3431; x_wconf 81' lang='lat' dir='ltr'><strong>boc</strong></span> <span class='ocrx_word' id='word_1_262' title='bbox 613 3371 711 3447; x_wconf 84' lang='lat' dir='ltr'><strong>cupite</strong></span> <span class='ocrx_word' id='word_1_263' title='bbox 732 3366 793 3451; x_wconf 89' lang='lat' dir='ltr'><strong>(sc.</strong></span> <span class='ocrx_word' id='word_1_264' title='bbox 814 3363 835 3429; x_wconf 94' lang='lat' dir='ltr'><strong>l.</strong></span> <span class='ocrx_word' id='word_1_265' title='bbox 852 3364 1020 3452; x_wconf 89' lang='lat' dir='ltr'><strong>Aquiliae)</strong></span> <span class='ocrx_word' id='word_1_266' title='bbox 1038 3371 1240 3430; x_wconf 72' lang='lat' dir='ltr'><strong>consutuitur:</strong></span> <span class='ocrx_word' id='word_1_267' title='bbox 1261 3384 1442 3445; x_wconf 81' lang='lat' dir='ltr'><strong>quamquam</strong></span> 
     </span>
     <span class='ocr_line' id='line_1_28' title="bbox 296 3472 1442 3550; baseline -0.002 -15"><span class='ocrx_word' id='word_1_268' title='bbox 296 3476 426 3550; x_wconf 83' lang='lat' dir='ltr'><strong>potuerit</strong></span> <span class='ocrx_word' id='word_1_269' title='bbox 439 3476 504 3534; x_wconf 84' lang='lat' dir='ltr'><strong>solu</strong></span> <span class='ocrx_word' id='word_1_270' title='bbox 524 3474 627 3549; x_wconf 87' lang='lat' dir='ltr'><strong>rupti</strong></span> <span class='ocrx_word' id='word_1_271' title='bbox 641 3474 806 3549; x_wconf 80' lang='lat' dir='ltr'><strong>appellatio</strong></span> <span class='ocrx_word' id='word_1_272' title='bbox 820 3472 851 3532; x_wconf 84' lang='lat' dir='ltr'><strong>iu</strong></span> <span class='ocrx_word' id='word_1_273' title='bbox 866 3488 966 3533; x_wconf 84' lang='lat' dir='ltr'><strong>omues</strong></span> <span class='ocrx_word' id='word_1_274' title='bbox 980 3474 1053 3533; x_wconf 85' lang='lat' dir='ltr'><strong>istus</strong></span> <span class='ocrx_word' id='word_1_275' title='bbox 1067 3489 1177 3533; x_wconf 78' lang='lat' dir='ltr'><strong>causus</strong></span> <span class='ocrx_word' id='word_1_276' title='bbox 1190 3472 1344 3547; x_wconf 74' lang='lat' dir='ltr'><strong>sufficere.</strong></span> <span class='ocrx_word' id='word_1_277' title='bbox 1374 3472 1442 3533; x_wconf 82' lang='lat' dir='ltr'><strong>Ru-</strong></span> 
     </span>
     <span class='ocr_line' id='line_1_29' title="bbox 296 3574 1444 3653; baseline -0.003 -16"><span class='ocrx_word' id='word_1_278' title='bbox 296 3583 380 3653; x_wconf 85' lang='lat' dir='ltr'><strong>ptum</strong></span> <span class='ocrx_word' id='word_1_279' title='bbox 404 3576 496 3649; x_wconf 86' lang='lat' dir='ltr'><strong>(enim</strong></span> <span class='ocrx_word' id='word_1_280' title='bbox 517 3576 697 3649; x_wconf 82' lang='lat' dir='ltr'><strong>tntettepttur</strong></span> <span class='ocrx_word' id='word_1_281' title='bbox 723 3574 803 3649; x_wconf 81' lang='lat' dir='ltr'><strong>quod</strong></span> <span class='ocrx_word' id='word_1_282' title='bbox 821 3590 937 3651; x_wconf 80' lang='lat' dir='ltr'><strong>quoquo</strong></span> <span class='ocrx_word' id='word_1_283' title='bbox 955 3575 1043 3637; x_wconf 84' lang='lat' dir='ltr'><strong>modo</strong></span> <span class='ocrx_word' id='word_1_284' title='bbox 1062 3578 1251 3652; x_wconf 85' lang='lat' dir='ltr'><strong>corruptum)</strong></span> <span class='ocrx_word' id='word_1_285' title='bbox 1277 3581 1337 3636; x_wconf 86' lang='lat' dir='ltr'><strong>est:</strong></span> <span class='ocrx_word' id='word_1_286' title='bbox 1362 3575 1444 3637; x_wconf 82' lang='lat' dir='ltr'><strong>unde</strong></span> 
     </span>
     <span class='ocr_line' id='line_1_30' title="bbox 298 3676 1443 3766; baseline -0.003 -26"><span class='ocrx_word' id='word_1_287' title='bbox 298 3695 357 3741; x_wconf 82' lang='lat' dir='ltr'><strong>nun</strong></span> <span class='ocrx_word' id='word_1_288' title='bbox 371 3679 482 3752; x_wconf 89' lang='lat' dir='ltr'><strong>so(lum</strong></span> <span class='ocrx_word' id='word_1_289' title='bbox 496 3685 563 3738; x_wconf 84' lang='lat' dir='ltr'><strong>usta</strong></span> <span class='ocrx_word' id='word_1_290' title='bbox 577 3680 643 3753; x_wconf 81' lang='lat' dir='ltr'><strong>aut)</strong></span> <span class='ocrx_word' id='word_1_291' title='bbox 659 3686 750 3754; x_wconf 84' lang='lat' dir='ltr'><strong>rupta</strong></span> <span class='ocrx_word' id='word_1_292' title='bbox 765 3682 818 3737; x_wconf 88' lang='lat' dir='ltr'><strong>uut</strong></span> <span class='ocrx_word' id='word_1_293' title='bbox 835 3676 956 3752; x_wconf 85' lang='lat' dir='ltr'><strong>fructu,</strong></span> <span class='ocrx_word' id='word_1_294' title='bbox 977 3678 1032 3738; x_wconf 83' lang='lat' dir='ltr'><strong>sed</strong></span> <span class='ocrx_word' id='word_1_295' title='bbox 1048 3678 1169 3754; x_wconf 85' lang='lat' dir='ltr'><strong>et(ium)</strong></span> <span class='ocrx_word' id='word_1_296' title='bbox 1184 3678 1278 3738; x_wconf 85' lang='lat' dir='ltr'><strong>scissa</strong></span> <span class='ocrx_word' id='word_1_297' title='bbox 1292 3684 1322 3739; x_wconf 86' lang='lat' dir='ltr'><strong>et</strong></span> <span class='ocrx_word' id='word_1_298' title='bbox 1340 3679 1443 3766; x_wconf 84' lang='lat' dir='ltr'><strong>collisu</strong></span> 
     </span>
     <span class='ocr_line' id='line_1_31' title="bbox 298 3767 1443 3857; baseline -0.003 -14"><span class='ocrx_word' id='word_1_299' title='bbox 298 3786 327 3843; x_wconf 88' lang='lat' dir='ltr'><strong>et</strong></span> <span class='ocrx_word' id='word_1_300' title='bbox 339 3780 438 3855; x_wconf 82' lang='lat' dir='ltr'><strong>effusa</strong></span> <span class='ocrx_word' id='word_1_301' title='bbox 451 3786 481 3843; x_wconf 87' lang='lat' dir='ltr'><strong>et</strong></span> <span class='ocrx_word' id='word_1_302' title='bbox 496 3825 503 3842; x_wconf 94' lang='lat'><strong>.</strong></span> <span class='ocrx_word' id='word_1_303' title='bbox 520 3824 529 3842; x_wconf 90' lang='lat'><strong>.</strong></span> <span class='ocrx_word' id='word_1_304' title='bbox 547 3824 555 3841; x_wconf 97' lang='lat'><strong>.</strong></span> <span class='ocrx_word' id='word_1_305' title='bbox 572 3826 580 3842; x_wconf 95' lang='lat'><strong>.</strong></span> <span class='ocrx_word' id='word_1_306' title='bbox 597 3785 651 3840; x_wconf 87' lang='lat' dir='ltr'><strong>aut</strong></span> <span class='ocrx_word' id='word_1_307' title='bbox 660 3767 816 3857; x_wconf 80' lang='lat' dir='ltr'><strong>perempta</strong></span> <span class='ocrx_word' id='word_1_308' title='bbox 830 3789 918 3854; x_wconf 82' lang='lat' dir='ltr'><strong>utque</strong></span> <span class='ocrx_word' id='word_1_309' title='bbox 933 3780 1083 3841; x_wconf 84' lang='lat' dir='ltr'><strong>deteriora</strong></span> <span class='ocrx_word' id='word_1_310' title='bbox 1094 3779 1183 3852; x_wconf 81' lang='lat' dir='ltr'><strong>factu</strong></span> <span class='ocrx_word' id='word_1_311' title='bbox 1197 3780 1253 3841; x_wconf 77' lang='lat' dir='ltr'><strong>boc</strong></span> <span class='ocrx_word' id='word_1_312' title='bbox 1267 3780 1355 3841; x_wconf 83' lang='lat' dir='ltr'><strong>uerbo</strong></span> <span class='ocrx_word' id='word_1_313' title='bbox 1368 3795 1443 3840; x_wconf 86' lang='lat' dir='ltr'><strong>con-</strong></span> 
     </span>
     <span class='ocr_line' id='line_1_32' title="bbox 299 3875 1442 3965; baseline -0.004 -19"><span class='ocrx_word' id='word_1_314' title='bbox 299 3886 450 3949; x_wconf 70' lang='lat' dir='ltr'><strong>tinentur?</strong></span> <span class='ocrx_word' id='word_1_315' title='bbox 480 3878 562 3965; x_wconf 84' lang='lat' dir='ltr'><strong>Legi</strong></span> <span class='ocrx_word' id='word_1_316' title='bbox 576 3879 679 3965; x_wconf 90' lang='lat' dir='ltr'><strong>igitur</strong></span> <span class='ocrx_word' id='word_1_317' title='bbox 693 3878 757 3965; x_wconf 91' lang='lat' dir='ltr'><strong>ipsi</strong></span> <span class='ocrx_word' id='word_1_318' title='bbox 771 3876 807 3941; x_wconf 90' lang='lat' dir='ltr'><strong>in</strong></span> <span class='ocrx_word' id='word_1_319' title='bbox 821 3876 914 3945; x_wconf 83' lang='lat' dir='ltr'><strong>Festi</strong></span> <span class='ocrx_word' id='word_1_320' title='bbox 929 3875 1000 3943; x_wconf 89' lang='lat' dir='ltr'><strong>loco</strong></span> <span class='ocrx_word' id='word_1_321' title='bbox 1022 3878 1220 3963; x_wconf 89' lang='lat' dir='ltr'><strong>imputatur,</strong></span> <span class='ocrx_word' id='word_1_322' title='bbox 1240 3877 1328 3963; x_wconf 94' lang='lat' dir='ltr'><strong>quod</strong></span> <span class='ocrx_word' id='word_1_323' title='bbox 1342 3877 1442 3952; x_wconf 74' lang='lat' dir='ltr'><strong>inter·</strong></span> 
     </span>
     <span class='ocr_line' id='line_1_33' title="bbox 298 3978 1444 4071; baseline -0.007 -20"><span class='ocrx_word' id='word_1_324' title='bbox 298 3982 475 4071; x_wconf 85' lang='lat' dir='ltr'><strong>pretationi</strong></span> <span class='ocrx_word' id='word_1_325' title='bbox 495 3982 626 4047; x_wconf 92' lang='lat' dir='ltr'><strong>demum</strong></span> <span class='ocrx_word' id='word_1_326' title='bbox 645 3979 818 4068; x_wconf 91' lang='lat' dir='ltr'><strong>posteriori</strong></span> <span class='ocrx_word' id='word_1_327' title='bbox 840 3979 1032 4047; x_wconf 87' lang='lat' dir='ltr'><strong>debebatur.</strong></span> <span class='ocrx_word' id='word_1_328' title='bbox 1061 3980 1134 4045; x_wconf 91' lang='lat' dir='ltr'><strong>Iam</strong></span> <span class='ocrx_word' id='word_1_329' title='bbox 1154 3979 1231 4066; x_wconf 91' lang='lat' dir='ltr'><strong>quin</strong></span> <span class='ocrx_word' id='word_1_330' title='bbox 1252 3988 1339 4045; x_wconf 88' lang='lat' dir='ltr'><strong>recte</strong></span> <span class='ocrx_word' id='word_1_331' title='bbox 1359 3978 1444 4043; x_wconf 89' lang='lat' dir='ltr'><strong>hanc</strong></span> 
     </span>
     <span class='ocr_line' id='line_1_34' title="bbox 300 4080 1443 4172; baseline -0.007 -20"><span class='ocrx_word' id='word_1_332' title='bbox 300 4086 444 4172; x_wconf 89' lang='lat' dir='ltr'><strong>glossam</strong></span> <span class='ocrx_word' id='word_1_333' title='bbox 458 4084 502 4150; x_wconf 91' lang='lat' dir='ltr'><strong>ad</strong></span> <span class='ocrx_word' id='word_1_334' title='bbox 517 4082 605 4149; x_wconf 92' lang='lat' dir='ltr'><strong>illam</strong></span> <span class='ocrx_word' id='word_1_335' title='bbox 619 4084 727 4171; x_wconf 88' lang='lat' dir='ltr'><strong>ipsam</strong></span> <span class='ocrx_word' id='word_1_336' title='bbox 746 4082 852 4168; x_wconf 88' lang='lat' dir='ltr'><strong>legem</strong></span> <span class='ocrx_word' id='word_1_337' title='bbox 867 4081 990 4148; x_wconf 81' lang='lat' dir='ltr'>V1112</span> <span class='ocrx_word' id='word_1_338' title='bbox 1012 4104 1032 4147; x_wconf 92' lang='lat' dir='ltr'><strong>a</strong></span> <span class='ocrx_word' id='word_1_339' title='bbox 1047 4080 1154 4148; x_wconf 80' lang='lat' dir='ltr'><strong>Gellio</strong></span> <span class='ocrx_word' id='word_1_340' title='bbox 1176 4091 1211 4147; x_wconf 94' lang='lat' dir='ltr'><strong>et</strong></span> <span class='ocrx_word' id='word_1_341' title='bbox 1225 4081 1324 4146; x_wconf 86' lang='lat' dir='ltr'><strong>Festo</strong></span> <span class='ocrx_word' id='word_1_342' title='bbox 1347 4104 1380 4146; x_wconf 89' lang='lat' dir='ltr'><strong>v.</strong></span> <span class='ocrx_word' id='word_1_343' title='bbox 1395 4089 1443 4145; x_wconf 88' lang='lat' dir='ltr'><strong>ta·</strong></span> 
     </span>
     <span class='ocr_line' id='line_1_35' title="bbox 302 4181 1443 4266; baseline -0.004 -14"><span class='ocrx_word' id='word_1_344' title='bbox 302 4188 399 4256; x_wconf 90' lang='lat' dir='ltr'><strong>lionis</strong></span> <span class='ocrx_word' id='word_1_345' title='bbox 415 4187 549 4253; x_wconf 88' lang='lat' dir='ltr'><strong>citatam</strong></span> <span class='ocrx_word' id='word_1_346' title='bbox 563 4185 785 4252; x_wconf 88' lang='lat' dir='ltr'><strong>Mommsenus</strong></span> <span class='ocrx_word' id='word_1_347' title='bbox 800 4183 979 4266; x_wconf 84' lang='lat' dir='ltr'><strong>rettulerit,</strong></span> <span class='ocrx_word' id='word_1_348' title='bbox 1002 4205 1076 4248; x_wconf 90' lang='lat' dir='ltr'><strong>cum</strong></span> <span class='ocrx_word' id='word_1_349' title='bbox 1096 4192 1191 4249; x_wconf 84' lang='lat' dir='ltr'><strong>extra</strong></span> <span class='ocrx_word' id='word_1_350' title='bbox 1206 4181 1443 4249; x_wconf 86' lang='lat' dir='ltr'><strong>dubitationem</strong></span> 
     </span>
     <span class='ocr_line' id='line_1_36' title="bbox 304 4284 1443 4379; baseline -0.011 -21"><span class='ocrx_word' id='word_1_351' title='bbox 304 4291 450 4379; x_wconf 88' lang='lat' dir='ltr'><strong>positum</strong></span> <span class='ocrx_word' id='word_1_352' title='bbox 466 4290 522 4355; x_wconf 86' lang='lat' dir='ltr'><strong>sit:</strong></span> <span class='ocrx_word' id='word_1_353' title='bbox 542 4294 667 4370; x_wconf 80' lang='lat' dir='ltr'><strong>‘rupstt’</strong></span> <span class='ocrx_word' id='word_1_354' title='bbox 683 4287 732 4355; x_wconf 91' lang='lat' dir='ltr'><strong>ibi</strong></span> <span class='ocrx_word' id='word_1_355' title='bbox 752 4288 806 4354; x_wconf 91' lang='lat' dir='ltr'><strong>vel</strong></span> <span class='ocrx_word' id='word_1_356' title='bbox 825 4286 1013 4371; x_wconf 84' lang='lat' dir='ltr'><strong>refragante</strong></span> <span class='ocrx_word' id='word_1_357' title='bbox 1028 4284 1135 4353; x_wconf 84' lang='lat' dir='ltr'><strong>Gellio</strong></span> <span class='ocrx_word' id='word_1_358' title='bbox 1151 4305 1310 4372; x_wconf 90' lang='lat' dir='ltr'><strong>reponere</strong></span> <span class='ocrx_word' id='word_1_359' title='bbox 1331 4307 1370 4350; x_wconf 91' lang='lat' dir='ltr'><strong>eo</strong></span> <span class='ocrx_word' id='word_1_360' title='bbox 1384 4284 1443 4349; x_wconf 91' lang='lat' dir='ltr'><strong>mi-</strong></span> 
     </span>
     <span class='ocr_line' id='line_1_37' title="bbox 304 4382 1445 4478; baseline -0.008 -21"><span class='ocrx_word' id='word_1_361' title='bbox 304 4414 364 4459; x_wconf 90' lang='lat' dir='ltr'><strong>nus</strong></span> <span class='ocrx_word' id='word_1_362' title='bbox 381 4390 514 4475; x_wconf 86' lang='lat' dir='ltr'><strong>dubito,</strong></span> <span class='ocrx_word' id='word_1_363' title='bbox 534 4382 623 4478; x_wconf 80' lang='lat' dir='ltr'><strong>quod</strong></span> <span class='ocrx_word' id='word_1_364' title='bbox 642 4390 741 4457; x_wconf 90' lang='lat' dir='ltr'><strong>etiam</strong></span> <span class='ocrx_word' id='word_1_365' title='bbox 755 4394 919 4471; x_wconf 77' lang='lat' dir='ltr'><strong>‘rupserit’</strong></span> <span class='ocrx_word' id='word_1_366' title='bbox 939 4389 971 4455; x_wconf 90' lang='lat' dir='ltr'><strong>h.</strong></span> <span class='ocrx_word' id='word_1_367' title='bbox 987 4388 1009 4452; x_wconf 97' lang='lat' dir='ltr'><strong>l.</strong></span> <span class='ocrx_word' id='word_1_368' title='bbox 1030 4396 1122 4454; x_wconf 80' lang='lat' dir='ltr'><strong>extat</strong></span> <span class='ocrx_word' id='word_1_369' title='bbox 1139 4386 1175 4451; x_wconf 90' lang='lat' dir='ltr'><strong>in</strong></span> <span class='ocrx_word' id='word_1_370' title='bbox 1193 4395 1332 4473; x_wconf 88' lang='lat' dir='ltr'><strong>utroque</strong></span> <span class='ocrx_word' id='word_1_371' title='bbox 1352 4384 1445 4451; x_wconf 83' lang='lat' dir='ltr'><strong>Festi</strong></span> 
     </span>
     <span class='ocr_line' id='line_1_38' title="bbox 305 4486 1444 4575; baseline -0.009 -17"><span class='ocrx_word' id='word_1_372' title='bbox 305 4494 479 4561; x_wconf 88' lang='lat' dir='ltr'><strong>Vaticano.</strong></span> <span class='ocrx_word' id='word_1_373' title='bbox 516 4494 668 4559; x_wconf 81' lang='lat' dir='ltr'><strong>Ceterum</strong></span> <span class='ocrx_word' id='word_1_374' title='bbox 689 4492 823 4559; x_wconf 90' lang='lat' dir='ltr'><strong>rarioris</strong></span> <span class='ocrx_word' id='word_1_375' title='bbox 848 4490 944 4556; x_wconf 91' lang='lat' dir='ltr'><strong>huius</strong></span> <span class='ocrx_word' id='word_1_376' title='bbox 964 4489 1092 4556; x_wconf 90' lang='lat' dir='ltr'><strong>formae</strong></span> <span class='ocrx_word' id='word_1_377' title='bbox 1112 4486 1297 4575; x_wconf 85' lang='lat' dir='ltr'><strong>exemplum</strong></span> <span class='ocrx_word' id='word_1_378' title='bbox 1318 4486 1444 4552; x_wconf 91' lang='lat' dir='ltr'><strong>Placidi</strong></span> 
     </span>
     <span class='ocr_line' id='line_1_39' title="bbox 307 4588 1496 4679; baseline -0.008 -18"><span class='ocrx_word' id='word_1_379' title='bbox 307 4596 435 4679; x_wconf 87' lang='lat' dir='ltr'><strong>glossae</strong></span> <span class='ocrx_word' id='word_1_380' title='bbox 450 4605 585 4662; x_wconf 89' lang='lat' dir='ltr'><strong>servant</strong></span> <span class='ocrx_word' id='word_1_381' title='bbox 603 4600 770 4675; x_wconf 77' lang='lat' dir='ltr'><strong>‘disrupsi</strong></span> <span class='ocrx_word' id='word_1_382' title='bbox 775 4603 787 4658; x_wconf 96' lang='lat' dir='ltr'><strong>t</strong></span> <span class='ocrx_word' id='word_1_383' title='bbox 800 4597 957 4673; x_wconf 84' lang='lat' dir='ltr'><strong>dispersit&#39;</strong></span> <span class='ocrx_word' id='word_1_384' title='bbox 974 4591 1027 4657; x_wconf 93' lang='lat' dir='ltr'><strong>III</strong></span> <span class='ocrx_word' id='word_1_385' title='bbox 1040 4614 1074 4679; x_wconf 90' lang='lat' dir='ltr'><strong>p.</strong></span> <span class='ocrx_word' id='word_1_386' title='bbox 1088 4590 1152 4656; x_wconf 80' lang='lat'><strong>452</strong></span> <span class='ocrx_word' id='word_1_387' title='bbox 1166 4590 1205 4654; x_wconf 91' lang='lat' dir='ltr'><strong>cl.</strong></span> <span class='ocrx_word' id='word_1_388' title='bbox 1221 4590 1270 4654; x_wconf 88' lang='lat' dir='ltr'><strong>VI</strong></span> <span class='ocrx_word' id='word_1_389' title='bbox 1284 4588 1349 4654; x_wconf 83' lang='lat'><strong>560</strong></span> <span class='ocrx_word' id='word_1_390' title='bbox 1362 4588 1409 4653; x_wconf 92' lang='lat' dir='ltr'><strong>M.</strong></span> <span class='ocrx_word' id='word_1_391' title='bbox 1493 4589 1496 4603; x_wconf 94' lang='lat'>&#39;</span> 
     </span>
    </p>
   </div>
   <div class='ocr_carea' id='block_1_7' title="bbox 355 4688 1444 4861">
    <p class='ocr_par' dir='ltr' id='par_1_7' title="bbox 355 4688 1444 4861">
     <span class='ocr_line' id='line_1_40' title="bbox 376 4688 1444 4785; baseline -0.011 -22"><span class='ocrx_word' id='word_1_392' title='bbox 376 4699 428 4763; x_wconf 91' lang='lat' dir='ltr'><strong>De</strong></span> <span class='ocrx_word' id='word_1_393' title='bbox 443 4697 545 4764; x_wconf 88' lang='lat' dir='ltr'><strong>altero</strong></span> <span class='ocrx_word' id='word_1_394' title='bbox 560 4696 648 4785; x_wconf 91' lang='lat' dir='ltr'><strong>quod</strong></span> <span class='ocrx_word' id='word_1_395' title='bbox 663 4692 761 4782; x_wconf 80' lang='lat' dir='ltr'><strong>vulgo</strong></span> <span class='ocrx_word' id='word_1_396' title='bbox 777 4695 882 4759; x_wconf 87' lang='lat' dir='ltr'><strong>fertur</strong></span> <span class='ocrx_word' id='word_1_397' title='bbox 896 4694 1146 4760; x_wconf 90' lang='lat' dir='ltr'><strong>coniunctivi</strong></span> <span class='ocrx_word' id='word_1_398' title='bbox 1160 4692 1194 4756; x_wconf 91' lang='lat' dir='ltr'><strong>in</strong></span> <span class='ocrx_word' id='word_1_399' title='bbox 1209 4690 1280 4756; x_wconf 91' lang='lat' dir='ltr'><strong>XII</strong></span> <span class='ocrx_word' id='word_1_400' title='bbox 1295 4688 1444 4777; x_wconf 87' lang='lat' dir='ltr'><strong>exemplo</strong></span> 
     </span>
     <span class='ocr_line' id='line_1_41' title="bbox 355 4793 1240 4861; baseline -0.015 -9"><span class='ocrx_word' id='word_1_401' title='bbox 355 4808 475 4860; x_wconf 83' lang='lat' dir='ltr'><strong>Schoell‚</strong></span> <span class='ocrx_word' id='word_1_402' title='bbox 489 4808 555 4861; x_wconf 77' lang='lat' dir='ltr'><strong>LegIs</strong></span> <span class='ocrx_word' id='word_1_403' title='bbox 568 4806 609 4849; x_wconf 87' lang='lat' dir='ltr'><strong>Xll</strong></span> <span class='ocrx_word' id='word_1_404' title='bbox 622 4808 668 4848; x_wconf 85' lang='lat' dir='ltr'><strong>tab.</strong></span> <span class='ocrx_word' id='word_1_405' title='bbox 683 4807 745 4859; x_wconf 90' lang='lat' dir='ltr'><strong>reliq.</strong></span> <span class='ocrx_word' id='word_1_406' title='bbox 1222 4793 1240 4861; x_wconf 67' lang='grc'>7</span> 
     </span>
    </p>
   </div>
   <div class='ocr_carea' id='block_1_8' title="bbox 0 0 1874 5634">
    <p class='ocr_par' dir='ltr' id='par_1_8' title="bbox 0 0 1874 5634">
     <span class='ocr_line' id='line_1_42' title="bbox 0 0 1874 5634; baseline 0 0"><span class='ocrx_word' id='word_1_407' title='bbox 0 0 1874 5634; x_wconf 95' lang='lat' dir='ltr'><strong> </strong></span> 
     </span>
    </p>
   </div>
  </div>
 </body>
</html>
