3709 5634
429 685 475 732 na
498 684 547 731 xu
570 683 784 731 rnuvunuvu
806 684 984 745 uunrovns
1007 684 1294 736 consrrrvunms.
1393 672 1433 737 87

183 870 186 879 ’
285 846 482 921 persentiscat
496 859 604 927 aarum
618 843 669 903 ubi
681 847 726 901 est
740 842 971 912 abscondemur
995 837 1038 902 cf.
1053 837 1141 903 Men.
1157 840 1193 905 11
1210 841 1239 923 1,
1252 840 1313 925 423
1336 841 1430 907 Asin.

287 944 369 1025 114,
385 943 428 1008 54
443 936 521 1005 ‘Non
536 947 641 1020 mapoi
648 946 766 1022 pende,
787 962 824 1005 oe
845 946 909 1015 duit
922 948 950 1005 si
962 960 1021 1007 noa
1036 948 1119 1015 volt?
1150 942 1283 1008 Terent.
1298 942 1432 1010 Phorm.

287 1045 336 1110 IV
351 1045 384 1127 5,
402 1046 419 1107 1
437 1050 503 1122 ‘epo
517 1048 643 1116 curabo,
660 1064 698 1107 ae
718 1049 793 1122 quid
811 1048 967 1108 verborum
982 1048 1062 1108 duit'
1080 1044 1133 1108 ad.
1145 1067 1302 1131 praesens
1322 1047 1432 1132 potius

286 1146 424 1211 inclinat
438 1145 606 1211 iudicium.
635 1148 686 1212 Ac
701 1146 772 1210 fieri
787 1144 884 1209 facile
900 1145 1027 1231 potuit,
1050 1156 1088 1211 ut
1101 1149 1237 1235 propria
1255 1146 1352 1213 huius
1368 1148 1432 1213 for·

286 1270 359 1313 mae
386 1248 477 1315 notio
501 1270 563 1312 usu
588 1247 748 1335 paulatim
774 1256 1016 1329 attenuaretur,
1047 1248 1144 1313 sicuti
1169 1250 1257 1336 apud
1281 1250 1433 1316 Plautum

286 1352 392 1417 ‘faxo'
409 1372 508 1437 saepe
522 1372 638 1438 parum
654 1350 790 1417 distata
805 1349 903 1436 primi
917 1348 1020 1414 futuri
1035 1351 1286 1436 significatione.
1295 1353 1322 1436 ¹)

373 1454 583 1539 Quamquam
598 1474 638 1517 ne
654 1452 716 1517 hoc
731 1452 863 1539 quidem
877 1451 1001 1517 infitias
1017 1474 1091 1517 eam
1105 1455 1287 1540 praesentis
1303 1477 1433 1543 quoque

284 1555 533 1622 coniunctivum
561 1576 634 1619 esse
660 1554 786 1619 ‘duim’
814 1552 965 1619 similiter
989 1553 1167 1620 formatum
1196 1565 1296 1642 atque
1323 1559 1432 1640 ‘sim’,

285 1657 420 1737 ‘velim',
437 1656 575 1739 ‘nolim',
593 1656 741 1739 ‘malim',
759 1656 882 1739 ‘edim’‚
900 1660 1081 1736 ‘temperior’
1097 1656 1161 1743 (Pl.
1174 1658 1273 1723 Truc.
1287 1658 1433 1747 11,41);

286 1798 323 1812 -
347 1783 425 1825 nam
446 1781 529 1847 quae
555 1759 605 1823 his
627 1760 798 1825 coniunxit
818 1758 971 1824 Struvius
993 1758 1034 1823 de
1055 1757 1138 1824 decl.
1161 1771 1195 1825 et
1215 1761 1299 1826 coni.
1321 1784 1353 1847 p.
1372 1762 1432 1826 146

283 1884 425 1949 eumque
440 1870 571 1927 secutus
587 1860 629 1926 G.
647 1861 781 1927 Curtius
798 1859 839 1925 de
855 1869 955 1947 temp.
973 1860 1155 1948 atmodp.
1170 1850 1433 1941 pentapolitae
1466 1919 1472 1931 .

284 1964 350 2049 (Pl.
367 1964 462 2051 Oapt.
479 1964 579 2045 1115,
596 1962 652 2027 66:
675 1966 844 2040 ‘effodiunt’
867 1962 983 2047 Pan),
1008 1964 1136 2029 ‘carint’
1152 1963 1264 2049 (Most.
1281 1964 1332 2030 IV
1349 1966 1379 2048 1,
1396 1966 1430 2031 1:

282 2069 328 2133 of.
343 2066 432 2132 Men.
445 2066 476 2131 V
491 2066 522 2148 6,
534 2066 602 2153 25),
618 2070 759 2145 ‘coquina’
775 2064 908 2149 (Pseud.
921 2065 1024 2149 1112,
1036 2067 1096 2132 30:
1113 2070 1271 2146 ‘c(oc)um'
1289 2068 1432 2152 Amba),

284 2176 392 2235 ‘sinit’
409 2170 490 2254 (non
505 2164 598 2246 ‘finit'
616 2206 654 2217 -—
671 2177 708 2232 ut
723 2168 805 2232 mire
820 2166 956 2233 Curtius
971 2206 1014 2216 —
1029 2168 1126 2234 Oura.
1142 2170 1160 2235 I
1177 2171 1204 2246 1,
1220 2169 1280 2251 27,
1295 2168 1354 2235 ubi
1368 2169 1432 2254 leg.

283 2272 402 2358 εοἱνίθ),
419 2293 458 2337 ea
472 2269 526 2337 vol
540 2268 699 2337 librorum
714 2271 909 2336 auctoritate
925 2293 991 2336 non
1011 2272 1091 2336 satis
1107 2270 1279 2338 firmantur
1294 2269 1348 2337 vel
1361 2293 1432 2337 cor-

283 2386 384 2463 rupta
404 2382 498 2457 sunt;
520 2377 684 2438 ‘verberit’
708 2381 816 2437 autem
838 2372 942 2457 (Fest.
966 2395 999 2459 p.
1018 2372 1096 2460 230)
1116 2396 1251 2461 prorsus
1277 2374 1353 2439 hinc
1375 2372 1433 2439 ali·

283 2501 384 2545 enum
404 2498 477 2543 esse
497 2476 610 2541 statim
633 2496 807 2561 exponam.
831 2513 865 2523 -
891 2474 955 2541 Oui
976 2477 1158 2542 sententiae
1180 2476 1272 2542 favet
1296 2486 1329 2543 et
1348 2477 1434 2541 mira

281 2579 483 2666 conspiratio
495 2578 582 2643 inter
594 2576 709 2643 ‘duim’
722 2587 755 2641 et
766 2578 881 2659 ‘boiqv'
889 2578 1029 2663 (sanscr.
1037 2578 1220 2665 ‘da-dydm’
1231 2578 1431 2666 cf.Boppius

284 2684 345 2749 Gr.
363 2702 469 2768 comp.
491 2681 604 2764 §690)
627 2679 796 2765 glossariis
818 2701 948 2765 quoque
970 2680 1109 2767 probata
1133 2718 1168 2728 -
1197 2686 1301 2747 ‘duim
1320 2685 1432 2748 δοῖεν

283 2786 481 2853 δώεωειν’
499 2783 555 2869 (i).
581 2787 659 2847 ‘duit
672 2782 777 2863 δοίη’
794 2781 906 2847 Gloss.
921 2779 1050 2846 Philox.
1069 2820 1107 2829 -
1124 2782 1243 2869 etipsa
1258 2781 1432 2869 inglossa

283 2888 343 2951 riis
360 2885 538 2973 explicatio
554 2890 653 2949 ‘duint
666 2890 745 2956 deal,
762 2889 911 2949 tribuunt'
928 2882 1167 2971 G1.Amplon.‚
1184 2888 1288 2949 ‘duent
1305 2896 1334 2949 et
1347 2890 1434 2949 duint

284 2995 364 3067 deal,
379 2993 523 3055 tribuant’
540 2986 677 3074 GLMai
692 2987 843 3069 VI1559,
861 2992 965 3050 ‘ducat
976 2990 1179 3051 dmtrihucat'
1195 2985 1249 3053 (sl.
1260 2987 1366 3053 Paris.
1379 2987 1433 3053 ed.

283 3090 437 3157 Hildebr.
452 3112 484 3177 p.
503 3088 579 3155 118:
601 3090 660 3155 ubi
681 3089 769 3175 quod
789 3088 841 3154 bis
858 3099 1014 3155 exaratur
1029 3093 1154 3167 ‘duent'
1175 3089 1239 3155 etsi
1258 3089 1294 3153 in
1308 3089 1433 3176 Papiae

283 3194 387 3281 gloss.
413 3201 464 3258 est
489 3198 600 3258 ‘duent
624 3197 765 3271 dubuat’,
790 3213 856 3255 non
881 3201 991 3259 tamen
1016 3191 1090 3257 ideo
1122 3192 1226 3257 errori
1250 3192 1431 3258 tribuerim.

284 3298 390 3363 Immo
418 3296 447 3360 si
467 3294 664 3361 conferimus
691 3299 835 3359 ‘adduas
855 3298 1030 3358 addideru'
1052 3292 1142 3379 apud
1166 3293 1305 3359 Paulum
1330 3316 1363 3381 p.
1379 3292 1432 3375 27,

284 3400 369 3464 hanc
383 3398 470 3462 inter
485 3396 600 3463 ‘duim’
617 3407 650 3463 et
664 3396 784 3461 ‘duem’
802 3396 1057 3483 discrepantiam
1072 3398 1182 3482 potius
1201 3397 1245 3462 ab
1260 3397 1433 3482 utriusque

286 3501 380 3588 quasi
396 3499 575 3585 archetypo
592 3498 761 3579 ‘duiem'
781 3496 901 3584 (δοίην)
916 3498 1042 3585 pariter
1056 3508 1094 3563 ut
1109 3500 1226 3564 ‘siem'
1235 3547 1244 3581 ‚
1267 3498 1432 3582 ‘veliem’,

285 3604 425 3669 formato
438 3600 465 3685 ²)
492 3602 703 3687 repetendam
731 3624 803 3665 esse
830 3600 986 3666 dicemus.
1018 3600 1167 3688 Namque
1187 3601 1432 3668 coniunctivum

285 3704 516 3792 praesentis
532 3726 573 3767 ne
589 3702 679 3768 dicas
696 3702 818 3769 ‘duem’
834 3725 894 3789 pro
910 3702 1033 3772 ‘duam'
1050 3702 1196 3769 effictum
1211 3726 1283 3769 esse
1298 3702 1432 3790 antiquo

286 3830 391 3889 more,
416 3828 480 3893 quo
504 3810 632 3869 'dicem’
650 3816 684 3870 et
698 3809 843 3882 ‘sociem'
865 3804 1037 3891 scripsisse
1057 3804 1214 3870 Catonem
1237 3804 1432 3870 Censorium

287 3908 509 3991 Quintilianus
530 3906 641 3995 prodit
662 3908 678 3973 Ι
699 3908 729 3989 7,
751 3907 793 3971 23
816 3904 875 3990 (id.
896 3906 973 3972 fort.
989 3905 1096 3971 Plaut.
1111 3906 1231 3971 Pseud.
1248 3906 1344 3990 214),
1367 3927 1431 3990 quo

287 4013 367 4077 adeo
389 4010 567 4076 abiectam
588 4010 697 4075 littera
717 4014 873 4091 ἀπέδοθ’,
896 4013 1010 4091 ‘dice',
1032 4012 1198 4090 ‘ostende',
1221 4012 1368 4087 ‘recipie'
1391 4007 1431 4071 si-

287 4112 378 4178 milia
397 4111 560 4200 permulta
580 4112 622 4176 ab
645 4110 759 4175 eodem
774 4110 898 4175 Catone
918 4109 1058 4198 aliisque
1072 4109 1201 4197 prolata
1221 4132 1293 4174 esse
1308 4107 1431 4173 Paulus

287 4227 320 4283 et
345 4216 465 4280 Festus
491 4223 654 4279 testantur
680 4237 711 4299 p.
734 4214 785 4277 26.
809 4213 859 4277 72.
880 4212 955 4278 201.
975 4212 1039 4278 286
1058 4212 1105 4278 Μ.
1133 4212 1175 4278 cf.
1203 4210 1360 4277 Placidus
1386 4208 1430 4295 gl.

355 4492 377 4557 ¹]
401 4491 438 4541 cl.
462 4505 533 4554 quae
555 4488 714 4555 Madvigius
737 4488 853 4554 collegit
875 4488 1003 4554 exempla
1020 4488 1122 4554 Opusc.
1145 4488 1238 4549 11⁷5,
1263 4495 1430 4552 quamquam

288 4576 424 4629 teleusin
443 4591 487 4636 eo,
512 4574 583 4639 quod
603 4574 694 4639 ipsum
715 4574 836 4625 futurum
859 4588 993 4639 praesens
1019 4574 1049 4623 in
1070 4573 1176 4625 talibus
1197 4571 1293 4623 formis
1315 4570 1431 4637 agnosci

288 4662 383 4723 voluit,
402 4662 435 4711 de
455 4677 509 4725 qua
526 4660 657 4726 opinione
677 4660 713 4713 cf.
734 4660 765 4711 G.
786 4660 960 4711 Hermannus
978 4658 997 4713 l.
1016 4660 1036 4710 l.

354 4746 375 4811 ²)
396 4746 432 4800 cf.
451 4745 574 4813 Boppius
591 4744 638 4797 Gr.
658 4760 745 4813 comp.
764 4746 779 4805 ἓ
797 4745 855 4795 674.
