3709 5634
418 629 492 693 1110
638 620 656 702 f
847 642 960 691 caevr
982 642 1159 704 qvaarvn.

429 908 581 966 sanatus:
604 900 660 988 qui
679 899 821 966 inlibris
839 900 887 964 ita
901 899 1061 965 traditur:
1079 906 1142 964 ‘cur'
1154 920 1230 963 auro
1245 904 1348 964 dentes
1366 905 1461 964 iuncti
1476 902 1569 982 (anco

427 1003 470 1090 B)
487 1013 585 1068 essent
599 1016 646 1068 ast
660 1009 699 1067 im
716 1000 816 1087 (astim
831 1000 877 1087 A)
892 1024 960 1069 cum
975 1009 1027 1067 illo
1040 1009 1266 1083 repelletaretue
1280 1022 1312 1066 re
1327 1001 1432 1087 (caere
1445 1001 1488 1083 B,
1503 1021 1570 1065 aere

427 1103 476 1190 H)
487 1110 604 1183 fraude
620 1106 748 1191 (frande
762 1104 810 1187 H)
825 1111 903 1170 isto!
940 1106 991 1170 Ac
1008 1105 1156 1171 Turnebi
1176 1104 1436 1174 emendationem
1455 1101 1569 1189 pleris-

427 1230 489 1293 que
504 1208 655 1274 omnibus
671 1217 839 1293 acceptam
854 1214 914 1271 ‘ast
928 1214 969 1271 im
982 1228 1049 1272 cum
1063 1214 1115 1272 illo
1128 1213 1256 1287 sepelire
1269 1228 1396 1273 urereuc
1409 1228 1442 1271 se
1452 1208 1569 1283 fraude

383 1296 390 1302 ’
426 1318 500 1375 erto’
515 1321 603 1376 recte
617 1308 819 1396 improbavit
832 1309 984 1374 Halmius
1004 1319 1042 1375 ut
1055 1310 1193 1375 nimium
1214 1332 1234 1375 a
1253 1309 1404 1375 codicum
1418 1306 1568 1392 vestigiis

426 1412 650 1492 recedentem
677 1411 736 1477 sed
755 1412 844 1499 quod
864 1414 936 1499 ipse
955 1410 1155 1478 Buechelero
1177 1421 1311 1477 auctore
1334 1410 1426 1476 dedit
1446 1417 1498 1474 ‘ut
1521 1415 1570 1473 cai

426 1535 502 1580 acro
518 1521 620 1580 dentes
634 1522 729 1606 iuncti
742 1526 836 1593 eruat,
851 1526 900 1579 ost
914 1522 954 1581 r'm
968 1536 1036 1580 cum
1050 1521 1101 1580 illo
1113 1515 1255 1595 sepelires·
1266 1520 1367 1580 ureioe
1379 1535 1412 1578 se
1423 1516 1470 1589 fr.
1485 1519 1568 1578 esto’:

425 1636 541 1703 parum
557 1618 710 1685 convenit
724 1617 790 1703 legi
806 1628 838 1683 et
853 1617 1036 1685 infinitivus
1050 1618 1178 1705 passivi
1193 1640 1267 1683 cum
1281 1617 1471 1683 accusativo
1492 1638 1514 1681 a
1528 1622 1569 1679 ‘ae

422 1724 539 1797 fraude
566 1730 638 1785 esto'
668 1730 765 1807 aptus
796 1729 829 1785 et
857 1729 1009 1787 contorta
1036 1721 1136 1787 totius
1173 1720 1354 1794 sententiae
1390 1728 1567 1792 structura.

426 1822 534 1903 Quam
549 1824 635 1888 enim
650 1822 801 1887 Halmius
818 1822 911 1889 addit
926 1822 1177 1909 explicationem
1193 1820 1241 1906 (in
1256 1822 1465 1888 Fleckeiseni
1479 1824 1565 1890 Ann.

424 1923 445 1989 l.
457 1924 493 2011 l.)
506 1912 704 2010 respondere
716 1924 781 1990 sibi
791 1932 847 1990 ‘ct'
862 1934 894 1991 et
906 1929 975 1991 ‘ast’
987 1926 1181 2013 pariterque
1187 1931 1260 1989 ‘cur'
1272 1933 1305 1990 et
1315 1932 1390 1990 ‘im’:
1401 1947 1441 1990 ea
1452 1947 1567 1993 vereor

422 2036 460 2091 ut
474 2028 539 2113 ipsi
554 2028 634 2093 satis
650 2028 825 2114 perspicua
840 2028 894 2094 sit.
930 2027 1045 2115 Neque
1060 2050 1138 2095 vero
1154 2036 1228 2106 (αι’,
1243 2027 1332 2114 quod
1346 2026 1490 2093 inlibris
1506 2037 1565 2109 est,

349 2172 351 2179 ‹
423 2129 465 2194 ad
491 2130 573 2215 legis
599 2130 703 2197 verba
729 2130 889 2215 pertinet,¹
916 2130 976 2195 sed
1000 2129 1043 2196 ad
1064 2132 1275 2197 manifestum
1296 2128 1565 2217 glossemaquod

422 2231 591 2317 praecedit
606 2235 669 2297 ‘lex
680 2239 831 2314 praeopta
844 2240 1043 2321 alterutrae?
1080 2235 1127 2298 At
1140 2232 1244 2299 lenior
1258 2230 1386 2297 medela
1404 2233 1439 2298 in
1459 2254 1564 2320 prom·

423 2342 483 2419 ptu
498 2342 562 2398 est:
586 2333 710 2399 scilicet
729 2356 795 2400 una
815 2334 927 2401 littera
942 2342 988 2401 ‘l’
1007 2336 1042 2401 in
1058 2340 1103 2400 ‘i’
1123 2344 1252 2401 mutata
1270 2334 1482 2401 scribendum
1502 2340 1567 2399 ‘cci

423 2454 500 2499 auro
515 2440 616 2500 dentes
630 2443 724 2503 iuncti
738 2448 854 2512 escunt,
877 2450 936 2503 ast
959 2447 1000 2504 r'm
1026 2458 1095 2503 rum
1118 2444 1171 2503 illo
1189 2443 1349 2518 sepeliet
1367 2447 1511 2515 aretae,
1529 2436 1565 2523 {se

418 2540 536 2613 fraude
550 2544 635 2603 csta'

505 2646 580 2706 ‘ast’
605 2640 708 2727 igitur
727 2641 803 2707 hinc
824 2665 954 2729 quoque
975 2642 1176 2730 conspicitur
1200 2663 1266 2708 non
1286 2649 1346 2707 ‘ut'
1366 2640 1562 2727 significare,

421 2741 479 2808 sed
491 2744 555 2817 ‘si',
573 2743 643 2809 sive
658 2742 746 2831 quod
760 2745 837 2809 huic
851 2744 1026 2811 finitimum
1042 2755 1093 2812 est
1107 2743 1286 2831 temporale
1301 2750 1411 2809 ‘oum'
1436 2743 1513 2825 Qua
1524 2744 1562 2809 de

419 2865 454 2909 re
479 2868 521 2911 ne
546 2846 627 2933 quid
652 2856 754 2912 restat
782 2846 1015 2930 dubitationis,
1044 2846 1122 2913 licet
1139 2848 1228 2935 ipsos
1244 2856 1373 2913 veteres
1393 2847 1562 2913 antestari.

420 2946 588 3012 Charisius
603 2971 636 3035 p.
651 2949 714 3013 229
721 2996 731 3031 ‚
746 2948 789 3013 30
803 2950 846 3014 K.
862 2956 928 3013 ‘aar
940 2956 1027 3031 apud
1039 2960 1150 3015 veteres
1164 2956 1281 3014 uariam
1298 2954 1356 3013 vim
1371 2954 1496 3016 contulit
1509 2968 1562 3012 oo-

417 3055 500 3115 cibus
513 3061 574 3131 'pro
594 3062 700 3131 arque,
720 3071 778 3131 pro
792 3072 844 3128 ac,
862 3072 922 3132 pro
940 3073 1025 3133 erqo,
1044 3074 1103 3134 pro
1121 3057 1189 3126 sed,
1207 3062 1399 3132 precamen,
1415 3072 1478 3133 pro
1492 3062 1561 3125 tam,

413 3174 475 3231 pro
489 3174 583 3231 rum,
606 3165 639 3218 ct
657 3160 689 3219 io
709 3160 814 3233 qlossis
836 3146 1047 3234 antiquitatum
1067 3163 1192 3235 lecimus
1207 3162 1376 3236 scriptum?
1405 3155 1480 3221 Hae
1494 3153 1561 3242 qui·

418 3254 492 3319 dem
506 3254 637 3340 glossae
652 3258 882 3342 antiquitatum
896 3281 963 3324 non
978 3258 1130 3325 diversae
1144 3281 1165 3323 a
1179 3257 1469 3343 ‘glossematorum
1483 3258 1560 3322 scni-

405 3358 583 3443 ptoribus'
603 3358 692 3445 apud
712 3359 848 3425 Festum
867 3383 898 3447 p.
917 3361 978 3426 166
997 3386 1028 3427 v.
1051 3383 1193 3427 naucum
1213 3361 1323 3427 citatis
1340 3398 1377 3409 -
1394 3359 1437 3426 cf.
1453 3360 1559 3426 Varro

416 3458 467 3523 l.l.
479 3459 548 3526 VII
565 3462 613 3542 10,
629 3461 681 3544 34,
699 3461 759 3526 107
785 3500 816 3511 -
831 3461 921 3528 haud
935 3461 1018 3530 levis
1034 3486 1113 3528 sane
1128 3463 1332 3530 auctoritatis
1350 3471 1440 3528 sunt:
1458 3484 1477 3527 e
1491 3462 1558 3549 qni·

415 3559 477 3627 bus
494 3571 527 3627 et
540 3561 821 3649 plurimaVerrius
833 3565 971 3631 Flaccus
984 3565 1131 3651 hauserit
1145 3605 1180 3614 -
1201 3575 1239 3631 ut
1249 3586 1443 3653 persuasum
1453 3563 1558 3631 habeo

417 3662 457 3728 de
478 3666 524 3729 eis
545 3665 751 3751 potissimum
770 3690 853 3753 quae
876 3692 907 3755 p.
930 3668 1110 3733 258-261
1131 3668 1308 3735 traduntur
1329 3668 1370 3733 de
1391 3667 1555 3755 ‘quippe',

416 3767 605 3853 ‘quianam'‚
626 3768 717 3854 ‘quid
731 3770 817 3853 nisi'‚
840 3770 1005 3857 ‘quando’‚
1027 3775 1226 3857 ‘quatenus’,
1247 3769 1424 3857 ‘quamde'‚
1446 3778 1558 3856 ‘quam

414 3875 514 3953 mox’,
531 3876 646 3958 ‘ques'‚
662 3872 838 3958 ‘quoniam’
861 3882 923 3939 etc.
945 3909 988 3920 —
1009 3881 1043 3937 et
1061 3872 1131 3938 fere
1151 3870 1311 3959 quidquid
1330 3872 1437 3937 bonae
1451 3871 1556 3956 fruffi's

413 3971 448 4035 in
467 3972 635 4057 glossariis
653 3974 844 4059 posterioris
866 3975 984 4040 aetatis
1005 3985 1175 4040 servatum
1190 3983 1255 4057 est,
1270 3973 1485 4061 repetendum
1505 3974 1555 4039 sit

412 4074 467 4139 Ad
481 4073 541 4140 has
555 4075 656 4161 igitur
668 4076 755 4142 redit
777 4076 875 4143 etiam
890 4076 978 4163 quod
993 4100 1035 4143 ex
1049 4077 1198 4143 Labbaei
1212 4075 1315 4163 gloss.
1330 4084 1382 4141 est
1396 4082 1466 4141 ‘ast
1486 4077 1554 4142 ἐὰν

412 4177 478 4242 δέ)
516 4177 590 4259 Qua
609 4178 644 4243 iu
664 4177 883 4266 explicatione
903 4201 971 4245 non
996 4180 1067 4245 sine
1087 4202 1205 4245 caussa
1225 4181 1261 4245 δέ
1280 4177 1428 4244 additur:
1460 4176 1553 4244 vides

412 4278 498 4343 cnim
513 4287 546 4344 et
559 4280 594 4343 in
608 4278 680 4366 Χῌ
693 4281 814 4347 tabulis
829 4292 862 4347 et
876 4281 910 4346 in
925 4281 1018 4366 regia
1030 4282 1104 4368 lege
1118 4289 1188 4348 ‘cst’
1202 4303 1269 4347 non
1289 4281 1367 4368 poni
1380 4279 1446 4345 nisi
1459 4281 1495 4345 in
1509 4278 1553 4344 al·

306 4440 308 4445 .
412 4388 482 4445 tera
495 4390 589 4467 parte
604 4382 837 4467 condicionalis
853 4384 1050 4467 sententiae,
1073 4385 1166 4450 ouius
1186 4384 1277 4471 prior
1294 4406 1372 4472 pars
1392 4405 1413 4447 a
1427 4386 1488 4447 ‘si’
1503 4404 1551 4446 or·

412 4478 537 4548 diatur:
554 4494 591 4549 ut
606 4506 734 4573 semper
749 4484 876 4573 aliquid
889 4486 969 4553 novi
984 4486 1123 4553 adferat.
1151 4486 1265 4575 Neque
1280 4508 1359 4553 vero
1374 4486 1410 4549 in
1425 4496 1550 4551 senten·

410 4580 457 4651 tia
471 4582 630 4673 bipartita
643 4586 696 4655 bis
711 4588 794 4655 solet
807 4590 842 4653 in
857 4588 928 4655 XII
943 4590 995 4653 ‘si’
1010 4590 1172 4677 usurpari.
1209 4589 1295 4654 Nam
1309 4588 1381 4655 XII
1394 4589 1416 4652 4
1431 4594 1470 4653 ‘si
1483 4594 1549 4651 cia-

1683 657 1684 724 l

514 796 608 863 Alter
622 796 713 863 locus
734 807 785 865 est
806 796 973 863 Ciceronis
995 797 1037 862 de
1057 796 1120 882 leg.
1136 796 1172 861 II
1191 796 1251 879 24,
1267 796 1310 864 60
1334 795 1480 862 nondum
1500 818 1568 883 per-
