3709 5634
449 672 496 720 nn
519 671 569 719 xn
592 670 805 720 rnnvnrnvrr
828 670 1005 733 annrovus
1028 673 1275 740 commannis.
1391 658 1432 724 67

375 828 551 892 Praeterea
566 849 639 891 cum
654 848 707 909 ea,
730 827 992 913 qmbusmovrrm
1013 830 1108 915 quasi
1129 837 1357 913 argumentum
1377 830 1432 893 ad-

292 930 425 995 deretur
444 939 575 995 nostrae
597 930 668 995 XII
688 928 877 995 tabularum·
897 932 1069 1013 scientiae,
1095 931 1242 1017 proferre
1267 932 1348 996 milri
1367 955 1434 997 non

291 1030 509 1117 eontigerit1),
524 1032 561 1095 in
576 1032 853 1114 testimoniorum,
876 1033 993 1119 quibus
1010 1032 1220 1098 confirmetur
1233 1034 1434 1119 fragmento·

291 1157 362 1199 rum
378 1134 569 1216 auctoritas,
587 1136 682 1220 copia
697 1134 849 1220 augenda
865 1134 973 1221 quoad
988 1136 1059 1199 eius
1075 1135 1147 1200 fieri
1161 1145 1273 1221 posset
1287 1138 1433 1201 studium

290 1238 398 1323 posui.
430 1235 527 1318 Quod
543 1234 689 1301 studium
704 1246 864 1323 quantum
879 1245 911 1301 et
932 1236 1034 1301 taedii
1054 1238 1171 1303 afferat
1190 1238 1315 1304 frustra
1335 1260 1432 1327 quae-

290 1340 374 1403 renti
390 1349 423 1405 et
436 1336 550 1424 gaudii
565 1338 746 1403 invenienti
767 1340 873 1405 sciunt
894 1340 951 1425 qui
970 1339 1005 1403 in
1024 1340 1088 1405 isto
1109 1339 1294 1406 studiorum
1313 1360 1432 1427 genere

289 1442 414 1509 versati
430 1450 513 1506 sunt.
546 1442 655 1528 Atque
671 1464 744 1507 cum
758 1441 813 1506 hic
828 1464 957 1529 quoque
971 1442 1007 1506 in
1022 1440 1186 1529 plerisque
1200 1463 1293 1529 spem
1306 1442 1432 1509 fefelle-

290 1545 332 1608 rit
357 1554 494 1610 eventus
501 1592 510 1625 ,
537 1554 647 1611 tamen
672 1543 813 1631 propriis
840 1542 967 1609 viribus
989 1566 1041 1609 me
1066 1544 1100 1607 in
1124 1566 1164 1608 ea
1189 1568 1225 1610 re
1247 1545 1432 1611 elaborasse

290 1668 385 1733 spero
400 1646 472 1711 fore
486 1656 524 1711 ut
538 1646 592 1711 vel
608 1669 650 1711 ex
665 1647 755 1711 tenui
770 1668 877 1711 messe
898 1668 996 1732 quam
1016 1646 1127 1711 facere
1147 1645 1242 1711 licuit
1262 1658 1431 1733 agnosom,

291 1748 318 1811 si
334 1748 387 1813 cui
401 1747 561 1835 placuerit
576 1758 771 1835 apparatum
792 1771 812 1812 a
832 1770 884 1813 me
902 1760 1095 1833 congestum
1114 1771 1190 1814 oum
1206 1748 1430 1815 Dirkseniano

291 1872 488 1937 comparare.
504 1848 686 1915 Maximum
700 1850 813 1937 utique
828 1851 973 1915 fructum
989 1874 1007 1916 e
1021 1850 1192 1936 glossariis
1207 1852 1340 1939 percepi
1354 1852 1430 1917 huc-

290 1975 392 2039 usque
411 1975 529 2039 parum
554 1952 589 2016 in
616 1974 749 2017 censum
769 1954 912 2019 vocatis:
938 1976 956 2018 e
976 1954 1095 2040 quibus
1116 1964 1195 2019 sunt
1215 1974 1299 2041 quae
1319 1963 1432 2042 aperte

290 2054 360 2119 XII
380 2055 512 2121 tabulas
532 2063 697 2141 spectent,
719 2055 823 2120 veluti
848 2055 883 2118 in
903 2056 1054 2121 Labbaei
1082 2055 1183 2141 gloss.
1205 2062 1326 2136 ‘pedem
1345 2064 1434 2121 struit

290 2159 417 2240 φεύγει’
439 2159 471 2245 (Ι
491 2156 543 2241 2),
566 2164 676 2221 ‘lessus
697 2161 832 2239 θρῆνοε’
851 2157 899 2242 (X
918 2157 972 2243 4),
994 2164 1205 2239 ‘endoplorato
1225 2160 1431 2227 inindiecov’

290 2259 388 2344 (VII-I
405 2260 458 2347 12)
475 2298 514 2307 —
530 2268 567 2324 ut
582 2260 797 2340 ‘endoplornto
817 2266 993 2339 implorato’
1016 2260 1127 2328 Gloss.
1142 2262 1211 2327 Mai
1225 2261 1295 2327 VII
1308 2262 1372 2328 560
1393 2300 1430 2311 -

289 2362 368 2446 alia,
390 2363 508 2449 quibus
535 2363 633 2427 etiam
656 2368 758 2447 ‘olens
775 2367 896 2427 alendis
925 2364 1082 2444 βάλανοε’
1111 2364 1194 2460 (VII
1215 2365 1265 2429 10.
1286 2361 1375 2430 VHI
1395 2366 1430 2449 6)

287 2474 419 2553 propter
433 2465 604 2551 antiquum
618 2486 713 2529 usum
728 2465 859 2530 litterae
875 2475 1080 2532 cservntnm
1102 2466 1317 2548 adnumerare
1332 2490 1433 2533 ausus

289 2590 375 2631 sum:
393 2568 473 2653 quin
488 2572 569 2631 ‘iecit
581 2574 669 2631 misit'
683 2568 718 2631 in
734 2566 844 2633 Gloss.
859 2568 965 2632 Paris.
980 2591 1012 2655 p.
1025 2568 1087 2633 164
1097 2568 1248 2634 Hildebr.
1263 2570 1322 2635 vix
1336 2569 1433 2635 aliter

288 2670 420 2736 videtur
434 2667 581 2753 intellegi
596 2692 693 2757 posse
708 2669 771 2733 nisi
787 2654 815 2733 si
830 2669 873 2733 ad
889 2676 1002 2734 ‘telum'
1018 2668 1183 2736 referatur
1196 2670 1351 2754 V1H24.

371 2842 411 2907 In
424 2840 681 2923 fragmentorum
698 2840 838 2906 ordine
854 2840 1144 2905 constituendo
1160 2862 1259 2927 quam
1269 2842 1430 2906 rationem

288 2950 462 3007 tenuerunt
483 2942 707 3007 Gothofredus
729 2952 762 3007 et
782 2942 987 3025 Dirksenus,
1011 2964 1084 3006 cum
1107 2965 1128 3006 a
1150 2942 1343 3007 decemviris
1365 2943 1430 3007 sin-

287 3045 364 3129 gula
377 3046 458 3109 iuris
475 3054 668 3129 argumenta
682 3043 737 3109 vel
758 3043 894 3129 singulis
916 3045 969 3111 vel
990 3044 1072 3111 adeo
1093 3043 1181 3111 binis
1202 3044 1325 3111 tabulis
1345 3067 1429 3110 eom-

287 3146 448 3233 prehensa
462 3144 565 3210 fuisse
581 3155 763 3227 sumerent,
780 3144 821 3211 de
837 3169 876 3211 ea
893 3148 958 3211 iam
973 3156 1053 3233 puto
1069 3158 1178 3213 aetum
1194 3169 1267 3212 esse
1282 3148 1330 3211 eis
1345 3170 1429 3234 quae
1527 3168 1533 3175 ·

286 3248 411 3314 Puchta
446 3248 599 3334 opposuit
635 3246 746 3333 (civil.
782 3246 948 3313 Abhandl.
985 3273 1018 3336 p,
1047 3249 1087 3314 51
1119 3272 1189 3335 sqq.
1224 3249 1266 3313 cf.
1288 3249 1381 3315 ·Inst.
1412 3250 1429 3315 I

285 3474 344 3508 narn
363 3459 469 3507 dedere'
488 3456 521 3505 D.
541 3458 569 3518 9,
590 3458 617 3517 l,
639 3456 670 3505 19
688 3455 703 3515 5
721 3457 736 3504 2
757 3460 918 3521 compareat
938 3458 1022 3507 etiam
1041 3462 1162 3507 ‘noxam
1179 3457 1288 3507 dedere’
1307 3456 1337 3505 in
1356 3455 1429 3507 loon·

286 3544 361 3594 tione
380 3546 477 3593 ‘noxae
497 3543 630 3593 dedendae
646 3541 769 3603 socnltus’
788 3542 823 3591 D.
842 3544 866 3605 5,
885 3544 918 3591 20
936 3543 951 3603 ἓ
969 3546 993 3593 5.
1012 3544 1037 3602 9,
1058 3544 1082 3606 1,
1102 3544 1115 3591 1
1134 3544 1149 3602 5
1169 3543 1209 3592 16.
1232 3544 1274 3604 42,
1295 3544 1319 3605 1,
1338 3542 1353 3590 6
1371 3542 1387 3602 5
1406 3544 1429 3595 1.

285 3626 339 3679 Sed
357 3628 409 3677 hoc
429 3642 462 3677 ex
480 3626 632 3692 posteriore
651 3626 739 3676 abusu
751 3641 806 3676 non
823 3626 893 3677 licet
904 3622 984 3677 ¹retro
1003 3628 1150 3677 transferri
1168 3627 1196 3675 in
1208 3628 1352 3678 Praetoris
1371 3628 1430 3677 edi-

287 3718 368 3776 ctum,
388 3715 416 3763 in
436 3728 489 3776 quo
508 3728 563 3763 non
575 3712 672 3773 minus,
693 3710 785 3774 credo,
804 3710 859 3761 fuit
877 3716 916 3761 ‘ut
933 3727 1029 3762 nonae
1048 3714 1143 3762 dedere
1159 3713 1245 3761 lieent'
1263 3709 1378 3775 (nonam
1394 3712 1429 3761 D.

285 3801 310 3861 9,
328 3802 353 3861 3,
375 3801 387 3847 1
407 3797 460 3863 pr.)
481 3812 561 3863 quam
580 3801 685 3848 ‘nonae
704 3797 766 3847 dedi
781 3794 878 3847 inbebo'
899 3792 949 3860 (ib.
969 3799 984 3845 5
1002 3797 1017 3857 5
1036 3796 1071 3861 6).
1108 3796 1177 3848 Item
1196 3797 1265 3847 Inst.
1284 3799 1310 3860 4,
1330 3799 1360 3847 17
1379 3796 1394 3857 ἕ
1414 3799 1427 3845 1

286 3888 386 3934 ‘noxae
410 3880 520 3933 dedere’
546 3898 580 3933 ex
606 3880 766 3933 melioribus
790 3881 897 3945 aliquot
922 3881 1001 3931 libris
1029 3881 1216 3946 reponendum
1240 3885 1294 3944 est,
1322 3896 1374 3931 neo
1400 3881 1429 3929 in

213 3976 220 3983 “
287 3967 436 4019 Glossariis
454 3971 519 4033 puto
538 3967 725 4033 defensionem
744 3966 847 4017 habere
867 3963 986 4015 ‘noxum
1004 3967 1075 4016 dedit
1093 3962 1142 4015 εἰ(
1165 3963 1279 4015 κόλααν
1296 3963 1428 4029 δέδωκεν,

286 4050 333 4104 εἰς
360 4050 489 4104 εὐθύνας.
529 4051 647 4102 Fallitur
679 4055 771 4101 autem
803 4050 836 4101 de
869 4048 988 4115 Sulpicii
1019 4050 1251 4115 interpretatione
1280 4035 1429 4110 locutionis

285 4138 454 4189 Schradcrus
473 4136 507 4187 ad
526 4136 596 4190 lnrt.
614 4138 637 4194 4,
657 4138 673 4186 8
691 4151 746 4201 pn:
765 4152 863 4201 nempe
882 4141 956 4199 ‘pro
973 4142 1081 4199 peccato
1100 4137 1163 4186 dedi
1177 4135 1261 4185 iubet'
1280 4137 1323 4184 est
1340 4138 1428 4199 ‘poe-

285 4240 349 4274 nam
365 4241 415 4289 pro
434 4220 559 4288 peccalo)

356 4306 376 4375 ¹)
400 4309 469 4357 Eam
498 4308 570 4358 enim
592 4307 647 4357 vim
671 4321 753 4371 quarn
776 4306 899 4357 tribuere
922 4307 1034 4358 videtur
1057 4304 1249 4371 Schweglerus
1271 4304 1307 4354 H.
1331 4304 1363 4353 R.
1387 4304 1430 4354 111

284 4410 309 4459 p.
328 4394 360 4443 28
383 4408 411 4445 n.
432 4396 447 4444 5
469 4408 524 4443 non
547 4393 652 4443 habent
669 4391 756 4443 verba
780 4407 813 4440 ex
832 4391 943 4456 Fragm.
963 4391 1107 4441 Vaticanis
1127 4406 1152 4440 a.
1172 4391 1239 4441 1824
1263 4388 1345 4437 editis
1363 4389 1378 4449 ξ
1396 4390 1430 4438 50

284 4482 353 4545 ‘qnia
371 4485 397 4529 et
415 4480 623 4543 mancipationem
641 4483 666 4526 et
689 4479 716 4526 in
733 4478 788 4526 iure
807 4478 943 4541 cessionem
965 4479 1011 4526 lex
1030 4476 1090 4525 XII
1109 4476 1248 4526 tabularum
1266 4475 1428 4538 confirmati:

285 4580 355 4629 quae
374 4564 409 4613 ad
427 4564 466 4615 VI
487 4566 499 4612 l
519 4567 547 4613 et
565 4565 580 4613 5
604 4563 744 4629 respicere
763 4562 818 4611 iam
837 4560 992 4611 Dirksenus
1006 4560 1080 4612 'vidit
1097 4560 1165 4609 Add.
1184 4577 1210 4625 p.
1230 4561 1292 4610 745:
1313 4575 1373 4609 curn
1393 4557 1428 4607 ab

284 4648 328 4698 lo
347 4653 415 4699 ‘rem
433 4648 475 4699 ribi
489 4656 589 4714 poponi
605 4652 695 4699 oroto’
714 4648 743 4697 in
767 4648 826 4697 iure
847 4646 1000 4696 cessionem
1017 4644 1092 4695 haud
1115 4644 1299 4710 probabiliter
1320 4646 1430 4709 repetat

284 4734 443 4784 Huschkius
461 4735 488 4783 in
508 4733 558 4795 ed,
580 4734 626 4799 qui
645 4735 715 4783 haee
733 4733 819 4783 verba
838 4732 905 4780 miro
925 4731 1045 4782 vexavit.

1175 4813 1195 4877 5
1209 4816 1225 4854 ’t
