3709 5634
424 630 468 694 42
756 672 757 675 ,
847 645 960 693 csrvr
984 645 1149 693 rrarrvu.

426 806 512 872 dara,
529 822 567 864 ae
580 808 622 877 is,
639 808 692 879 qai
704 807 795 865 sciret
807 821 874 864 eara
889 821 929 863 ea
943 806 1026 878 leqe
1040 804 1231 879 repudiatam
1246 819 1305 862 aaa
1318 820 1395 876 esse,
1411 803 1477 862 dato
1492 805 1568 862 mala

425 909 603 966 committat’
618 902 722 987 legem
738 901 856 965 Iuliam
871 902 982 988 potius
999 923 1097 988 quarn
1113 900 1184 966 XII
1200 901 1461 986 exDigestorum
1477 899 1568 964 titulo

426 1003 591 1070 intellexit
612 1027 685 1068 curn
700 1004 864 1070 Ba'lduino
887 1013 920 1069 et
933 1004 1124 1089 Augustino
1139 1003 1325 1067 Dirlrsenus
1346 1025 1379 1089 p.
1395 1002 1468 1067 296.
1498 1001 1568 1066 Iam

427 1128 530 1191 aeque
545 1106 587 1171 de
603 1108 688 1171 sexti
703 1106 779 1172 libri
801 1106 985 1192 fragmento
1000 1105 1043 1170 D.
1060 1105 1112 1188 44,
1129 1105 1160 1188 6,
1177 1105 1197 1170 3
1214 1103 1300 1190 (XII
1313 1103 1348 1189 5)
1365 1113 1439 1169 ‘rem
1461 1109 1571 1183 aequa

426 1215 626 1273 controuersia
651 1218 695 1272 ert
715 1213 909 1288 praaiaeaur
939 1216 970 1272 ia
997 1228 1118 1272 sacrum
1144 1212 1305 1272 dedicare:
1330 1212 1462 1286 alioquin
1489 1211 1573 1287 dupli

424 1331 551 1391 poenam
570 1319 721 1424 palimar'
741 1333 821 1375 num
841 1310 884 1375 ad
905 1308 977 1375 XII
996 1309 1174 1396 respiciant
1197 1308 1347 1375 dubitare
1368 1307 1460 1376 licet:
1491 1331 1572 1395 quae

428 1413 592 1479 dubitatio
613 1436 679 1478 non
699 1412 827 1480 tollitur
849 1413 896 1478 eis
918 1435 1002 1498 quae
1026 1420 1223 1499 sequuntur:
1241 1413 1313 1476 ‘sed
1331 1416 1457 1491 duplum
1478 1422 1574 1475 utrum

425 1523 498 1593 fisco
513 1537 554 1579 aa
568 1520 745 1579 adaararia
762 1520 980 1595 praestandam
994 1521 1045 1592 sit,
1070 1518 1146 1578 nibil
1165 1519 1370 1593 exprimitur?
1408 1514 1455 1578 At
1470 1513 1575 1600 quarti

427 1617 505 1684 libri
525 1617 632 1682 locum
647 1619 690 1682 D.
705 1616 761 1700 47,
778 1617 814 1700 9,
831 1617 851 1682 9
872 1614 972 1701 (VIII
987 1616 1021 1702 9)
1045 1622 1109 1694 ‘qui
1129 1621 1219 1681 aedes
1240 1611 1414 1681 aeeraamae
1430 1619 1577 1692 frameati

428 1727 515 1784 iaata
535 1725 652 1784 damam
666 1726 797 1800 positam
823 1723 1026 1796 combusserit,
1054 1724 1168 1782 vinctas
1190 1723 1362 1784 verberatas
1389 1725 1452 1798 iqai
1470 1724 1574 1783 aerari

426 1827 557 1896 iubetur,
579 1829 607 1886 si
619 1827 706 1886 mado
719 1828 815 1886 seiam
824 1826 1019 1900 prudensque
1040 1824 1075 1883 id
1087 1827 1280 1884 commiserit:
1301 1827 1329 1884 si
1347 1841 1416 1884 aera
1436 1840 1527 1892 casa,
1543 1825 1574 1884 iai

426 1935 471 2007 ert
484 1931 686 2007 respiracula,
703 1934 757 1988 aut
770 1926 893 1988 nouam
906 1931 1023 1990 sarcire
1043 1928 1159 1987 iubetur
1179 1933 1233 1987 aut
1251 1929 1279 1988 si
1291 1929 1389 1988 minus
1403 1927 1528 1988 idoneas
1541 1928 1577 1987 sit

427 2035 520 2093 leriae
533 2033 710 2106 aucupatur.
734 2031 944 2106 appellatione
959 2037 1057 2091 autera
1079 2031 1198 2091 aedium
1213 2031 1307 2090 annis
1320 2031 1433 2106 spectes
1447 2030 1578 2102 aedificii

426 2134 633 2196 aaaimntar’
648 2168 692 2177 -
711 2129 845 2193 iniuria-
853 2130 887 2192 in
909 2129 1149 2195 dubitationem
1170 2139 1375 2196 vocaverunt
1395 2128 1576 2194 Heuslerus

427 2233 622 2298 Deratione
637 2233 672 2296 in
686 2229 862 2318 puniendis
879 2229 1007 2296 delictis
1023 2229 1122 2316 culpa
1137 2231 1318 2296 commissis
1335 2231 1493 2318 ap.Rom.
1511 2254 1573 2298 ser·
1598 2311 1600 2314 .

427 2335 712 2401 valerannus·
735 2357 768 2420 p.
791 2334 830 2397 17
853 2357 924 2420 sqq.
947 2343 979 2398 et
1004 2334 1223 2400 Waechterus
1251 2333 1304 2398 De
1330 2334 1422 2400 crim.
1444 2334 1574 2401 incend.

427 2435 519 2522 Lips.
538 2437 619 2502 1833
634 2460 666 2523 p.
683 2438 725 2502 22
740 2459 828 2523 sqq„
850 2457 925 2501 curn
947 2437 988 2500 de
1005 2434 1184 2522 supplicio,
1207 2434 1304 2521 quale
1325 2435 1425 2502 fuerit
1439 2437 1576 2524 impera-

428 2539 513 2605 toria
528 2547 637 2604 aetate
652 2540 851 2625 acciperent.
878 2537 941 2605 Oui
956 2537 1004 2602 rei
1019 2548 1056 2604 ut
1070 2560 1186 2624 parum
1201 2539 1376 2624 patrocinii
1391 2537 1522 2606 accedit
1537 2561 1576 2604 ex
1602 2573 1603 2579 κ

428 2642 596 2728 praesenti
611 2651 758 2728 tempore
771 2644 919 2717 iubetur,
937 2645 1125 2720 ‘eastiqatar’
1137 2649 1251 2726 utpote
1262 2640 1296 2704 in
1309 2642 1576 2729 interpretatione

428 2745 509 2810 certi
523 2744 691 2830 praecepti
706 2743 787 2828 legis
805 2763 826 2806 a
838 2741 923 2808 Gaio
940 2752 1038 2808 antea
1050 2745 1215 2830 propositi
1230 2754 1394 2827 versante,
1405 2782 1448 2792 -
1460 2744 1576 2810 ceteris

428 2846 515 2910 enim
535 2869 620 2933 quae
641 2847 735 2910 affert
750 2844 967 2909 Waechterus
988 2869 1020 2932 p.
1036 2845 1088 2910 24.
1111 2845 1152 2910 26
1168 2869 1217 2932 sq.
1239 2846 1439 2933 argumentis
1462 2868 1576 2913 vereor

427 2958 465 3013 ut
485 2948 557 3034 ipse
578 2970 732 3034 magnam
751 2947 821 3013 vim
839 2947 993 3013 tribuerit
1007 2971 1065 3012 -z
1088 2949 1135 3013 ita
1155 2969 1261 3034 neque
1280 2950 1355 3036 ipsa
1374 2971 1502 3036 poenae
1524 2947 1575 3014 de-

428 3050 599 3136 scriptio¹)
614 3072 719 3137 neque
743 3050 897 3136 antiquus
913 3050 1090 3116 verborum
1105 3049 1200 3116 color
1216 3052 1369 3138 (saraiam
1384 3058 1515 3116 sarcire'
1531 3051 1574 3115 iu-

427 3153 524 3219 betur
540 3153 582 3216 cf.
601 3153 641 3216 T.
656 3151 744 3216 VIII
760 3151 809 3216 13.
837 3149 963 3216 Gellius
980 3151 1033 3216 XI
1050 3152 1104 3234 18,
1121 3153 1154 3240 8)
1178 3163 1238 3218 nec
1259 3153 1401 3242 denique
1422 3151 1574 3220 vocabuli

428 3254 516 3340 quod
533 3264 584 3320 est
598 3253 722 3319 ‘aedes'
737 3251 914 3338 explicatio
932 3255 1101 3319 convenit:
1125 3277 1209 3341 quae
1230 3255 1363 3340 quidem
1384 3277 1520 3342 prorsus
1536 3278 1575 3320 ex

426 3377 519 3420 more
534 3365 585 3421 est
599 3354 680 3440 legis
696 3356 914 3441 interpretum
929 3354 971 3419 cf.
990 3354 1095 3420 Gaius
1111 3357 1153 3422 D.
1170 3357 1227 3439 50,
1248 3358 1304 3440 16,
1321 3357 1362 3422 62
1386 3361 1494 3436 <Trana
1513 3379 1573 3437 ap-

425 3463 587 3536 pellatione
601 3465 633 3521 ia
647 3462 719 3520 XII
730 3461 806 3521 tabit.
822 3477 907 3520 arnae
923 3477 1019 3535 penas
1038 3465 1183 3523 materiae
1203 3480 1243 3523 ea
1264 3481 1324 3538 qua
1345 3465 1488 3538 aedificia
1501 3480 1574 3524 coa-

427 3570 509 3622 stant
521 3565 730 3638 siqnifieatar!
754 3559 816 3623 236
825 3561 845 3639 ἓ
854 3560 876 3649 1
889 3563 1030 3624 ‘Glandis
1045 3567 1243 3640 appellatione
1259 3565 1486 3638 omniafrustra
1500 3582 1574 3627 aaa·

428 3667 559 3729 tinetar?
582 3661 646 3726 233
660 3665 680 3743 ξ
695 3661 719 3728 2,
732 3664 849 3725 ‘Telum
864 3668 951 3740 aalqa
965 3667 1083 3740 quidem
1105 3669 1139 3727 ia
1152 3671 1322 3750 appellatur
1342 3669 1424 3742 quael
1442 3669 1480 3728 ab
1501 3684 1576 3728 arcu

428 3769 566 3836 mittitur,
582 3769 730 3828 seinana
744 3784 828 3828 arana
843 3770 1031 3842 siqaiaeatur
1045 3770 1125 3843 qaod
1138 3771 1261 3829 raittitar
1275 3771 1390 3830 mana!
1406 3765 1449 3831 al.

514 3865 673 3933 Graviori
684 3889 763 3932 vero
780 3867 953 3932 offensioni
969 3876 1045 3932 sunt
1060 3890 1144 3953 quae
1156 3866 1197 3931 de
1206 3866 1370 3944 furtorum
1381 3869 1495 3955 poenis
1505 3867 1575 3953 lege

429 3969 590 4037 institutis
600 3968 704 4034 Gaius
717 3967 819 4033 tradit
827 3967 909 4033 Inst.
916 3968 971 4032 III
985 3969 1042 4032 191
1053 3991 1101 4056 sq.
1114 3973 1267 4049 ‘Correpti
1276 3979 1305 4033 et
1315 3969 1572 4055 oblati(sc.furti)

422 4092 524 4152 paena
545 4093 586 4136 ea
604 4079 669 4150 leqe
688 4076 760 4135 XII
777 4075 948 4135 tabularum
970 4077 1054 4150 tripli
1072 4084 1114 4135 est
1133 4092 1229 4156 eaque
1243 4077 1378 4136 similiter
1398 4092 1418 4135 a
1435 4083 1575 4150 praetore

427 4185 574 4240 seruatur.
606 4178 752 4238 Probibiti
771 4179 848 4236 aetio
871 4177 1038 4251 quadrupli
1057 4181 1098 4237 ea
1117 4178 1213 4238 edicto
1236 4179 1387 4252 praetoris
1407 4178 1574 4239 introducta

429 4281 517 4356 (est).-
542 4284 594 4341 lea
618 4286 716 4340 autera
737 4296 772 4339 eo
792 4281 910 4338 nornine
931 4281 1045 4340 nullam
1068 4295 1198 4355 poenam
1219 4281 1384 4348 constitua,-
1409 4280 1464 4341 loe
1483 4282 1575 4340 solam

423 4385 591 4460 praecipit,
617 4391 649 4442 ut
674 4384 726 4457 qui
750 4397 897 4458 quaerere
924 4383 993 4440 uelit
1000 4427 1007 4449 ‚
1034 4381 1133 4442 nauus
1159 4390 1302 4456 quaerat,
1335 4383 1423 4442 lintea
1452 4383 1572 4453 cinctus,

496 4617 516 4682 ¹)
537 4619 572 4672 cf.
592 4582 747 4670 Dirkscnus
765 4637 791 4686 p.
805 4621 854 4672 553
870 4634 921 4682 sq.‚
941 4617 989 4682 qui
1008 4617 1105 4668 eadem
1122 4617 1156 4667 de
1170 4633 1271 4668 caussa
1283 4634 1337 4670 non
1350 4634 1431 4686 posse
1445 4617 1479 4668 de
1491 4619 1573 4668 Prae·

428 4705 497 4756 toris
516 4704 607 4756 edicto
626 4704 745 4770 cogitari
763 4702 810 4768 (cf.
831 4702 934 4754 Callet.
953 4702 1008 4756 XII
1025 4703 1052 4766 i)
1071 4705 1178 4754 statuit.
