3709 5634
468 701 515 747 11
540 700 593 746 xu
616 697 829 771 rnsvnnauu
851 698 1029 759 nunrqvus
1053 700 1297 752 conmonums.
1412 687 1454 753 45

308 854 417 940 quoad
440 853 509 918 eius
531 853 603 918 fieri
622 861 734 940 posset
761 862 894 918 coactus
921 852 1117 940 prohibendi
1143 856 1310 920 notionem
1337 879 1357 920 a
1381 856 1453 942 lege

306 955 448 1020 alienam
463 977 580 1042 parum
602 954 765 1021 constanti
789 955 987 1041 cogitatione
1006 957 1212 1042 interposuit.
1242 957 1324 1022 Eam
1345 969 1454 1025 tamen

305 1058 473 1124 notionem
489 1055 575 1144 quod
590 1058 644 1124 vel
658 1058 736 1122 inde
751 1058 936 1124 necessario
953 1058 1075 1144 requiri
1091 1060 1202 1124 statuit
1217 1059 1452 1144 Vangerowius

305 1184 339 1248 p.
354 1159 411 1242 21,
433 1160 511 1246 quia
530 1158 707 1230 voluntatis
730 1162 889 1246 suspecti,
911 1161 1004 1224 cuius
1025 1160 1122 1252 unius
1143 1163 1252 1245 gratia
1271 1163 1333 1228 hoc
1356 1185 1453 1250 quae-

304 1261 400 1327 rendi
415 1284 517 1347 genus
533 1262 722 1329 institutum
737 1263 796 1342 sit,
819 1263 981 1328 rationem
996 1261 1110 1328 haberi
1129 1285 1190 1350 par
1204 1263 1305 1330 fuerit
1323 1304 1358 1314 —
1376 1265 1454 1330 ridi-

305 1364 378 1432 cule
394 1365 529 1430 enimet
544 1365 686 1431 absurde
701 1363 806 1451 legem
817 1388 858 1429 ne
870 1365 1057 1452 postulante
1070 1364 1204 1450 quidem
1213 1364 1268 1431 illo
1283 1366 1455 1433 molestam

304 1467 409 1533 lancis
431 1467 564 1554 liciique
585 1469 813 1532 necessitatem
834 1467 1006 1554 quaerenti
1026 1467 1253 1552 imposituram
1275 1469 1379 1534 fuisse
1394 1491 1453 1533 -τ

279 1643 285 1651 ,
304 1568 485 1636 'videndum
505 1579 556 1634 est
562 1618 571 1652 ,
593 1591 634 1634 ne
656 1569 697 1633 de
716 1567 804 1634 illius
829 1571 946 1634 aetatis
966 1569 1132 1656 incompta
1154 1569 1363 1656 simplicitate
1386 1570 1454 1634 riti·

304 1672 433 1759 busque
458 1681 590 1738 vetusto
611 1695 673 1737 usu
693 1659 833 1737 ‘sacratis
855 1694 898 1736 ex
917 1671 1023 1737 nostri
1044 1669 1165 1735 saeculi
1185 1671 1331 1737 moribus
1356 1681 1453 1760 atque
1495 1679 1496 1682 ’

304 1773 533 1859 voluntatibus
548 1773 707 1839 iudicium
722 1774 894 1838 faciamus.
925 1772 1080 1855 Accedit,
1103 1771 1193 1859 quod
1214 1773 1254 1837 de
1274 1774 1378 1860 ipsius
1404 1775 1453 1838 in-

305 1877 412 1941 stituti
427 1877 462 1941 vi
476 1898 515 1941 ac
529 1875 658 1941 ratione
673 1899 734 1941 nec
749 1877 831 1963 ipsis
843 1876 1012 1942 veteribus
1025 1875 1104 1939 satis
1118 1874 1288 1961 explorata
1299 1885 1333 1941 et
1343 1897 1452 1942 recen-

303 1979 425 2044 tiorum
440 1978 630 2044 commentis
646 1979 853 2065 ineptiisque,
866 1999 1003 2065 quarum
1019 1987 1071 2042 sat
1086 1975 1230 2064 emplum
1241 1988 1452 2065 conspectum

305 2081 373 2166 egit
392 2080 630 2166 Vangerowius
651 2103 684 2167 p.
708 2081 730 2143 4
750 2103 837 2166 sqq.,
859 2080 1141 2166 mirumquantum
1162 2089 1296 2145 versata
1319 2089 1351 2144 et
1371 2081 1469 2152 adeo,

305 2184 484 2268 obscurata
499 2181 665 2247 diversam
680 2185 722 2251 ab
738 2181 824 2247 illius
848 2205 985 2270 eamque
1006 2185 1102 2247 unice
1125 2203 1238 2248 veram
1259 2182 1454 2248 sententiam

304 2307 410 2372 nuper
428 2282 605 2349 Eduardus
627 2283 850 2369 Boeckingius
871 2285 1039 2370 professus
1063 2295 1113 2350 111
1136 2282 1192 2368 (cf.
1209 2285 1278 2348 eius
1294 2285 1353 2362 Ius
1367 2284 1452 2371 priv.

306 2386 400 2452 Rom.
412 2384 523 2452 Bonn.
542 2386 625 2450 1862
639 2409 672 2472 p.
690 2386 752 2451 150
766 2386 878 2472 n.15),
894 2408 991 2472 quam
1007 2387 1049 2451 ab
1066 2408 1103 2450 eo
1119 2395 1288 2451 mutuatus
1304 2385 1452 2473 pluribus

305 2472 485 2575 illustravit
498 2488 572 2554 Nic.
585 2488 800 2577 Handjeryus
812 2488 910 2555 Obss.
928 2489 969 2553 de
983 2487 1080 2553 furtis
1096 2511 1156 2575 pro
1173 2489 1366 2554 diversitate
1381 2512 1454 2576 pro-

304 2591 477 2657 bationum
497 2591 589 2655 varie
609 2591 743 2678 punitis.
765 2591 858 2678 Lips.
881 2591 962 2656 1857
984 2613 1016 2676 p.
1033 2590 1074 2654 21
1092 2613 1174 2678 sqq.,
1195 2592 1294 2676 inque
1316 2592 1454 2656 eandem

306 2715 366 2774 sua
386 2701 502 2779 sponte
528 2692 644 2757 incidit
672 2693 769 2758 etiam
791 2693 870 2773 Otto
891 2693 1027 2757 Iahnius
1053 2693 1090 2756 in
1115 2695 1387 2758 commentatione
1414 2693 1454 2756 de

306 2795 514 2883 Sophonibae
540 2804 644 2885 morte
668 2796 703 2858 in
728 2795 858 2880 pictura
882 2794 1018 2880 parietis
1034 2793 1219 2874 {illustrata
1249 2794 1340 2880 Lips.
1370 2795 1451 2859 1859
1483 2855 1486 2862 .

305 2920 337 2984 p.
355 2899 411 2961 11:
429 2896 552 2962 scilicet
567 2919 695 2962 sacram
716 2919 788 2962 eam
808 2896 912 2961 fuisse
933 2895 1166 2972 caerimoniam
1186 2895 1367 2982 antiquitus
1388 2907 1453 2962 tra-

307 3000 409 3065 ditam
417 3048 427 3089 ζ,
443 3020 508 3086 qua
522 3001 551 3063 ei
566 3000 622 3085 qui
638 3008 825 3086 quaereret,
841 3001 935 3084 quasi
950 3000 1097 3064 Deorum
1112 2997 1147 3060 in
1167 2997 1302 3062 tutelam
1321 3007 1452 3086 recepto
1562 3039 1568 3050 .

306 3099 349 3166 ad
364 3100 538 3167 veritatem
551 3101 774 3186 indagandam
787 3101 912 3165 intrare
926 3101 962 3163 in
977 3099 1117 3164 alienam
1133 3098 1265 3164 domum
1276 3099 1398 3165 liceret.
1414 3137 1451 3148 -

306 3205 405 3269 Hunc
420 3214 529 3270 autem
543 3205 642 3270 ritum
657 3203 700 3269 ad
714 3203 840 3269 furtum
856 3202 1106 3290 concipiendum
1125 3203 1160 3266 in
1173 3189 1365 3268 universum
1381 3203 1452 3288 lege

306 3306 410 3372 fuisse
430 3307 669 3396 praescriptum
688 3329 749 3371 nec
768 3309 855 3370 intra
874 3305 1032 3392 prohibiti
1052 3304 1134 3370 furti
1154 3305 1235 3370 fines
1265 3315 1454 3370 contentum

262 3420 265 3424 ’
306 3410 500 3475 confirmant
514 3411 570 3496 qui
584 3418 715 3495 praeter
731 3409 852 3474 Gaium
867 3409 936 3472 1111
953 3408 1150 3472 mentionem
1165 3407 1299 3476 faciunt.
1316 3408 1358 3473 cf.
1368 3408 1452 3472 Pau·

306 3509 358 3577 lus
373 3512 457 3577 Exn.
474 3535 517 3576 ex
530 3513 629 3576 Festo
649 3496 682 3597 p.
701 3511 760 3575 117
776 3509 812 3574 M
834 3519 939 3575 ‘lorice
958 3521 988 3574 et
1005 3517 1072 3575 licto
1093 3515 1247 3574 dicebatur
1268 3517 1352 3591 apud
1371 3519 1454 3576 noti-

308 3634 393 3692 quos,
410 3621 482 3694 quta
501 3621 554 3693 qui
569 3618 687 3691 sartum
709 3619 771 3678 ibet
791 3633 936 3692 quaerere
957 3619 988 3676 11
1011 3618 1095 3676 domo
1116 3619 1230 3690 alienu,
1252 3619 1320 3676 licio
1340 3619 1454 3678 etractus

248 3725 252 3731 “
308 3721 455 3780 intratat’
477 3738 504 3781 e.
521 3738 552 3803 q.
568 3739 595 3780 s.
638 3714 907 3781 GlossTaurin.
927 3737 960 3778 n.
982 3715 1045 3778 466
1066 3714 1109 3779 ad
1130 3716 1212 3780 Inst.
1235 3716 1272 3798 4,
1298 3716 1314 3778 1
1337 3719 1357 3796 ξ
1378 3716 1399 3779 4
1420 3739 1452 3781 v.

276 3886 280 3895 ,
309 3817 532 3904 quaesitam
553 3819 602 3904 (in
618 3816 778 3904 savignyi
792 3816 880 3882 Hist.
903 3817 965 3880 iur.
982 3827 1062 3882 ro'm.
1084 3817 1170 3881 med.
1187 3839 1267 3882 aevo
1285 3817 1321 3880 ΙΙ
1341 3839 1373 3902 p.
1389 3815 1453 3881 475

309 3921 360 3986 ed.
376 3921 412 4007 2)
430 3925 492 3984 ‘Itu
506 3928 584 3985 erum
596 3926 701 4002 fiebat,
717 3926 856 3998 alisqui
868 3927 899 3983 iri
914 3926 1044 3984 alterum
1060 3923 1176 3981 domum
1191 3923 1330 3982 introibat
1344 3923 1388 3981 ud
1400 3941 1453 3999 re-

309 4028 487 4103 quirendam
501 4045 565 4087 rem
576 4027 733 4100 furtivam,
750 4027 849 4085 nudus
862 4027 1089 4100 topredietetur
1100 4025 1213 4085 discum
1223 4027 1313 4098 fietile
1326 4019 1453 4106 (111111-

309 4128 379 4213 lem)
396 4132 428 4189 in
442 4132 541 4206 eapite
559 4136 687 4206 portans
701 4132 834 4204 utrisque
847 4124 1192 4210 11111111111111131)
1229 4122 1395 4210 Denique,
1411 4145 1452 4188 ne

295 4446 298 4450 ι
377 4416 399 4485 ¹)
418 4420 477 4471 Nec
496 4417 578 4470 aliter
600 4436 643 4472 res
662 4419 796 4470 sehabet
817 4417 846 4469 in
864 4419 958 4469 Attico
981 4418 1054 4482 iure,
1077 4417 1125 4468 ubi
1149 4418 1263 4469 eundem
1286 4433 1364 4470 usum
1382 4417 1452 4470 obti-

310 4507 403 4555 nuisse
422 4521 456 4555 ex
474 4505 669 4571 Aristophanis
681 4505 805 4556 Nubibus
823 4504 955 4556 discimus
973 4520 999 4556 v.
1011 4505 1061 4555 49⁷
1074 4519 1133 4569 sqq.
1153 4521 1214 4555 cum
1232 4506 1317 4557 schol.
1337 4504 1381 4566 (de
1400 4519 1452 4570 quo

265 4608 269 4613 ’
313 4573 1146 4656 11.1111111111111Α1111.3111111111.2271.15)
1173 4595 1201 4640 11
1220 4607 1253 4640 ex
1270 4589 1396 4643 Platonis
1414 4589 1453 4638 11-

311 4676 391 4738 gibus
409 4677 463 4725 ΧΙῙ
481 4693 507 4742 p.
527 4677 577 4726 954
595 4676 617 4724 Α
641 4676 744 4740 φωρᾶν
765 4675 795 4725 δ’
812 4673 846 4725 ἂν
869 4672 950 4741 ἐθέλῃ
972 4671 1014 4725 ‘tic
1032 4689 1059 4725 τι
1077 4675 1148 4739 παρ’
1167 4675 1292 4741 ὁτῳοῦν,
1310 4673 1416 4738 γυμνὸς
1434 4674 1451 4738 ἢ

311 4760 476 4824 χιτωνίεκον
489 4760 573 4825 ἔχων,
592 4760 725 4825 clueret,
744 4760 941 4824 upoopdcuc
959 4760 1041 4811 τοὺ(
1059 4759 1225 4830 νομίμου(
1244 4759 1345 4812 θεοὺς
1364 4759 1381 4824 ἦ
1397 4759 1452 4824 μὴν
