3709 5634
459 646 506 693 uu
529 646 580 711 xrs
603 646 815 698 rssvuasvu
838 650 1016 718 cauturus
1040 653 1285 707 oonurcnuurs.
1403 644 1446 710 55

293 813 331 892 re
344 805 429 866 tomo
440 806 518 867 lenis
532 820 570 866 ac
586 810 745 881 promeres
757 808 946 876 libentissime
960 826 1187 874 commemoras:
1211 813 1355 892 “copem
1378 819 1443 878 ob-

301 906 439 978 oedite,
469 907 575 968 arbori
597 908 714 980 infelici
737 912 939 987 suspendite”
968 931 994 974 e.
1022 933 1054 996 q.
1081 935 1107 980 s.
1157 911 1191 978 Is
1217 923 1328 980 autem
1354 917 1442 1004 quod

300 1005 515 1092 Tarquinium
531 1004 613 1090 legis
637 1016 804 1074 auctorem
833 1009 929 1095 facit,
947 1035 1045 1098 quam
1061 1012 1156 1080 Tullo
1172 1014 1315 1083 Hostilio
1330 1018 1446 1086 tribuit
1527 1057 1531 1068 «

299 1099 432 1188 Livius,
447 1129 514 1174 non
528 1107 664 1174 difficile
679 1120 730 1176 est
751 1134 793 1176 ex
813 1114 953 1179 oratoris
973 1114 1109 1181 consilio
1125 1116 1378 1204 explicationem
1394 1143 1442 1186 rc-

298 1219 424 1298 petere:
452 1232 531 1275 sane
548 1210 645 1276 Livio
660 1214 694 1277 iu
709 1213 771 1278 hac
786 1237 822 1279 re
836 1217 943 1300 magis
960 1217 1202 1284 confidendum.
1239 1219 1322 1286 Cum
1342 1221 1445 1308 igitur

297 1313 457 1399 bppareat
475 1311 549 1378 XII
570 1314 699 1380 tabulas
727 1317 815 1402 apud
838 1318 973 1384 Festum
1001 1320 1284 1406 consignificari,
1312 1332 1382 1390 tum
1402 1347 1445 1391 ue

287 1414 439 1501 ‚Bergkii
455 1416 587 1502 quidem
603 1417 809 1502 ingeniosum
831 1419 1002 1489 inventum
1020 1428 1126 1502 ‘lesem
1148 1443 1262 1502 quoque
1276 1430 1443 1494 Praenesti-
1494 1422 1495 1426 ’

297 1525 380 1582 mom’
407 1517 560 1605 (Ephem.
588 1517 687 1585 litter.
709 1520 785 1586 Hal.
812 1522 894 1588 1842
916 1547 948 1589 n.
974 1524 1050 1612 105)
1075 1519 1249 1612 probatum
1275 1527 1444 1596 Rubinoni

301 1620 408 1703 (Diar.
426 1621 527 1707 antiq.
543 1620 628 1687 stud.
641 1623 731 1690 ,1844
745 1646 777 1709 p.
788 1624 851 1691 345
865 1625 914 1711 n.)
932 1625 1066 1692 defendi
1081 1629 1147 1693 iam
1162 1629 1299 1714 poterit:
1318 1629 1377 1696 sed
1392 1651 1443 1696 ac·

298 1723 530 1810 quiescendum
544 1722 727 1805 videtur-in
742 1725 884 1811 simplici
893 1727 1023 1814 'Eggeri
1039 1729 1265 1796 emendatione
1281 1737 1350 1811 ‘lem
1366 1754 1443 1812 quo·
1503 1743 1505 1748 '

297 1847 353 1904 oue
362 1832 575 1904 pervetustcm’
592 1825 681 1910 (Vct.
697 1848 795 1891 serm.
811 1826 869 1892 lat.
884 1828 954 1894 rell.
972 1853 1004 1918 p.
1021 1831 1088 1916 37).
1118 1831 1161 1896 cf.
1178 1831 1293 1898 Cicero
1308 1855 1341 1920 p.
1355 1833 1442 1900 Tull.

297 1931 317 2008 ξ
331 1927 373 1992 47
389 1932 495 2006 nmque
508 1933 559 1992 ille
572 1934 666 2007 leeem
680 1933 755 1992 mibi
767 1934 805 1993 de
819 1933 889 1994 XII
901 1937 1011 1998 tubulis
1024 1941 1161 1998 recitavit
1176 1972 1213 1984 -
1229 1946 1258 2000 et
1268 1932 1363 2016 'terem
1378 1951 1441 2000 am-

297 2035 410 2108 tiquam
425 2035 463 2094 de
476 2035 589 2109 lembus
603 2037 754 2096 somatis!

379 2131 452 2196 Iam
466 2133 556 2220 quod
569 2133 757 2201 Dirksenus
772 2134 860 2200 VIII
873 2135 894 2200 5
908 2138 1020 2222 posuit
1035 2142 1186 2220 ‘Rupilias
1201 2177 1242 2190 -
1256 2147 1385 2206 sarcito-⁹.
1394 2143 1442 2209 ita

293 2232 393 2320 vulgo
409 2233 611 2321 suppletum:
630 2241 777 2318 ‘rupitias
796 2243 962 2318 sorsaco,
981 2247 1110 2332 sarcito’
1134 2242 1192 2328 (cf.
1213 2243 1387 2310 Dacierius
1408 2253 1443 2310 et
1531 2293 1537 2298 -

294 2337 333 2404 0.
349 2335 527 2403 Muellerus
547 2339 591 2403 ad
613 2339 701 2404 Fest.
722 2364 755 2426 p.
770 2340 834 2405 264
854 2365 887 2407 v.
909 2343 1058 2430 rupitias.
1086 2343 1280 2412 Huschkius
1297 2347 1440 2412 ‘Gaius'
1473 2337 1478 2346 ’

295 2462 327 2526 p.
344 2440 423 2526 206)
446 2462 503 2506 cur
524 2441 718 2525 obiecerim,
745 2442 825 2510 data
851 2446 1023 2512 occasione
1044 2455 1159 2533 postea
1179 2447 1345 2514 indicabo.
1381 2448 1443 2514 Oui

294 2541 396 2608 alium
410 2541 518 2608 locum
532 2545 705 2630 coniunxit
718 2546 910 2619 Rudorffius
926 2548 970 2614 H.
986 2549 1009 2614 i.
1024 2571 1050 2614 r.
1066 2549 1084 2614 I
1098 2572 1130 2636 p.
1145 2549 1188 2614 98
1203 2573 1235 2614 n.
1254 2551 1270 2615 1
1294 2551 1329 2618 in
1344 2550 1440 2618 Pauli
1485 2561 1487 2564 ’

292 2645 441 2713 Sentent.
456 2668 522 2712 rec.
538 2646 707 2714 codicibus
723 2647 850 2736 aliquot
864 2649 1024 2718 traditum
1038 2653 1055 2716 Ι
1072 2652 1111 2716 12
1117 2699 1126 2733 ,
1142 2652 1163 2715 2
1180 2661 1236 2716 ‘ec
1250 2657 1296 2716 bis
1311 2659 1364 2732 qur*
1377 2674 1439 2716 om·
1483 2717 1486 2722 .

292 2755 394 2814 ciuem
408 2756 544 2830 corrupit
557 2757 703 2830 alienum,
724 2758 817 2816 olium
837 2756 1009 2829 reformare
1028 2759 1179 2832 comendes
1198 2762 1267 2833 est’,
1291 2776 1440 2842 cumpro

293 2857 344 2928 ‘ex
359 2856 417 2916 loir
433 2852 593 2919 scriberet
608 2859 661 2918 ‘ex
675 2858 767 2919 XII’.
792 2855 841 2921 At
855 2876 927 2919 earn
942 2856 1154 2923 mutationem
1171 2858 1352 2922 sententiae
1367 2879 1441 2924 con·
1544 2856 1547 2862 ’

293 2953 422 3023 dicione
436 2977 555 3041 parum
565 2955 730 3023 firmatam
745 2956 864 3021 merito
880 2956 1024 3044 explosit
1038 2957 1232 3024 Huschkins
1248 2957 1292 3024 ad
1303 2957 1396 3026 Paul.
1407 2957 1441 3042 l.,

293 3057 350 3143 qui
365 3065 471 3124 totum
485 3060 693 3124 enuntiatum
707 3068 745 3124 ut
760 3058 938 3141 barbarum
951 3058 1095 3125 seclusit.
1117 3061 1227 3147 Atque
1239 3061 1349 3148 inepte
1361 3083 1440 3128 sane

293 3158 376 3226 haec
390 3159 476 3227 inter
490 3160 572 3228 duas
588 3161 630 3226 de
644 3159 739 3226 falsis
755 3161 936 3226 sententias
951 3160 1202 3248 interpolantur.

380 3261 591 3328 Ciceronis
612 3264 724 3330 verbis
745 3263 787 3328 de
806 3261 871 3348 leg.
887 3262 995 3346 1124,
1016 3264 1059 3330 60
1079 3268 1250 3346 ‘credoque
1271 3271 1352 3346 quod
1373 3277 1441 3332 erat
1497 3302 1501 3310 ·

290 3371 479 3443 factitatum,
494 3379 527 3431 ut
541 3373 596 3430 moi
602 3374 700 3446 pluro
710 3374 820 3444 mereret
833 3371 959 3444 lectique
970 3373 1075 3445 plores
1089 3378 1299 3444 sternerentur,
1316 3372 1350 3434 id
1362 3387 1439 3446 quo·
1527 3395 1528 3398 ¹

292 3491 350 3549 que
370 3490 408 3534 me
425 3475 513 3545 fieret
531 3475 597 3547 leae
615 3480 750 3536 rometam
770 3475 840 3542 θεῖ’,
857 3489 931 3532 cum
946 3458 1111 3555 peculiare
1132 3469 1215 3555 legis
1230 3479 1442 3558 praeceptum

292 3570 453 3638 contineri
467 3572 636 3654 videatur,
653 3576 801 3649 ‘femere'
818 3569 872 3635 vel
887 3574 1041 3647 ‘feretro’
1058 3593 1121 3659 quo
1144 3571 1307 3640 sententia
1327 3583 1441 3655 staret,

293 3685 370 3740 ante
388 3681 524 3751 ‘fierent’
548 3675 761 3742 inserendum
782 3675 846 3739 fuit
862 3671 1055 3742 editoribus.
1086 3674 1152 3740 Sed
1168 3675 1267 3740 istam
1282 3675 1442 3743 radonem

293 3787 345 3843 sat
359 3775 518 3862 gravibus
539 3777 743 3861 argumentis
764 3776 973 3863 impugnavit
989 3775 1233 3846 Schoemannus
1250 3775 1371 3862 Opusc.
1388 3776 1443 3842 III

292 3880 355 3946 386
371 3902 420 3965 sq.
450 3877 536 3942 Nam
549 3889 588 3944 ut
604 3879 755 3945 ‘funera'
773 3900 938 3944 sumamus
961 3886 1049 3944 recte
1070 3877 1162 3942 addi:
1186 3881 1310 3942 ‘credo'
1332 3886 1442 3942 tamen

292 4004 366 4048 cum
381 3982 444 4048 soli
460 3982 675 4053 secundariae
686 3983 866 4049 sententiae
878 3981 1159 4076 conveniat-‘quod
1169 3983 1342 4056 factitatum
1353 3989 1442 4058 eret,

184 4085 190 4100 '
293 4094 325 4150 et
339 4107 474 4172 prorsus
496 4086 636 4152 otiosum
657 4094 707 4150 est
721 4121 763 4132 —-
777 4106 855 4149 nam
876 4092 970 4172 patet
989 4082 1137 4170 profecto
1161 4104 1228 4147 non
1248 4082 1356 4164 vetari
1375 4083 1442 4147 nisi

294 4209 379 4274 quae
404 4187 557 4257 factitata
583 4196 680 4253 antea
704 4187 771 4253 sint
791 4226 833 4236 —
854 4196 888 4252 et
907 4195 1038 4272 praeter
1059 4193 1262 4252 constantem
1282 4205 1379 4251 usum
1405 4207 1445 4250 ea

168 4350 169 4353 ,
293 4311 377 4375 quae
403 4299 583 4376 sequuntur
608 4300 800 4376 praeparat,
829 4310 904 4354 cum
929 4287 1034 4356 soleat
1059 4289 1103 4354 ad
1129 4287 1241 4375 priora
1265 4288 1441 4375 respicere.

294 4390 468 4458 Graviacis
484 4391 639 4478 ponderis
655 4400 706 4456 est
719 4392 804 4461 mira
820 4392 1054 4458 sententiarum
1069 4389 1291 4478 perturbatio,
1308 4411 1381 4460 cum
1396 4389 1444 4454 in·

294 4502 343 4558 ter
368 4514 507 4562 corones
535 4503 569 4559 et
593 4517 725 4578 aurum,
757 4495 779 4558 i.
807 4515 836 4560 e.
862 4501 1056 4561 ornamenta
1078 4501 1205 4559 mortuo
1232 4491 1346 4560 addita
1372 4493 1443 4558 sine

294 4617 412 4662 caussa
425 4596 508 4662 hacc
522 4597 564 4662 de
579 4596 727 4684 pluribus
743 4597 918 4665 funeribus
934 4595 1092 4683 lectisque
1103 4596 1362 4682 interponantur.
1377 4596 1443 4661 Ita-

277 4720 357 4790 tque
374 4706 463 4765 totus
477 4699 514 4766 iu
530 4699 747 4768 Schoemauui
768 4710 880 4787 partes
901 4698 1043 4785 pedibus
1059 4721 1113 4782 eo,
1134 4697 1190 4787 qui
1211 4702 1395 4779 ‘credoque'
1410 4699 1445 4764 in
