<?xml version="1.0" encoding="UTF-8"?>
<!DOCTYPE html PUBLIC "-//W3C//DTD XHTML 1.0 Transitional//EN"
    "http://www.w3.org/TR/xhtml1/DTD/xhtml1-transitional.dtd">
<html xmlns="http://www.w3.org/1999/xhtml" xml:lang="en" lang="en">
 <head>
  <title>
</title>
<meta http-equiv="Content-Type" content="text/html;charset=utf-8" />
  <meta name='ocr-system' content='tesseract 3.04.00' />
  <meta name='ocr-capabilities' content='ocr_page ocr_carea ocr_par ocr_line ocrx_word'/>
</head>
<body>
  <div class='ocr_page' id='page_1' title='image "./legisdvodecimta00schgoog_0137.png"; bbox 0 0 3709 5634; ppageno 0'>
   <div class='ocr_carea' id='block_1_1' title="bbox 789 627 1459 690">
    <p class='ocr_par' dir='ltr' id='par_1_1' title="bbox 789 627 1459 690">
     <span class='ocr_line' id='line_1_1' title="bbox 789 627 1459 690; baseline 0.006 -4"><span class='ocrx_word' id='word_1_1' title='bbox 789 638 928 687; x_wconf 71' lang='lat' dir='ltr'><strong>ussum</strong></span> <span class='ocrx_word' id='word_1_2' title='bbox 950 642 973 688; x_wconf 90' lang='lat'><strong>1.</strong></span> <span class='ocrx_word' id='word_1_3' title='bbox 1398 627 1459 690; x_wconf 83' lang='lat'><strong>119</strong></span> 
     </span>
    </p>
   </div>
   <div class='ocr_carea' id='block_1_2' title="bbox 401 797 1458 879">
    <p class='ocr_par' dir='ltr' id='par_1_2' title="bbox 401 797 1458 879">
     <span class='ocr_line' id='line_1_2' title="bbox 401 797 1458 879; baseline 0.007 -25"><span class='ocrx_word' id='word_1_4' title='bbox 401 809 489 857; x_wconf 85' lang='lat' dir='ltr'>POST</span> <span class='ocrx_word' id='word_1_5' title='bbox 509 809 686 856; x_wconf 82' lang='lat' dir='ltr'>MERIDIEM</span> <span class='ocrx_word' id='word_1_6' title='bbox 711 808 906 858; x_wconf 79' lang='lat' dir='ltr'>PRAESENTI</span> <span class='ocrx_word' id='word_1_7' title='bbox 933 811 1043 859; x_wconf 75' lang='lat' dir='ltr'><strong>mrsu</strong></span> <span class='ocrx_word' id='word_1_8' title='bbox 1068 811 1249 859; x_wconf 79' lang='lat' dir='ltr'>ADDIOITO.</span> <span class='ocrx_word' id='word_1_9' title='bbox 1283 797 1335 879; x_wconf 83' lang='lat' dir='ltr'><strong>[SI</strong></span> <span class='ocrx_word' id='word_1_10' title='bbox 1360 812 1458 861; x_wconf 83' lang='grc' dir='ltr'><strong>ΑΜΒΟ</strong></span> 
     </span>
    </p>
   </div>
   <div class='ocr_carea' id='block_1_3' title="bbox 202 896 1339 979">
    <p class='ocr_par' dir='ltr' id='par_1_3' title="bbox 202 896 1339 979">
     <span class='ocr_line' id='line_1_3' title="bbox 202 896 1339 979; baseline 0.004 -20"><span class='ocrx_word' id='word_1_11' title='bbox 202 908 206 915; x_wconf 68' lang='grc'><strong>“</strong></span> <span class='ocrx_word' id='word_1_12' title='bbox 316 896 552 979; x_wconf 75' lang='lat' dir='ltr'><strong>Pususuuuus]</strong></span> <span class='ocrx_word' id='word_1_13' title='bbox 576 910 641 959; x_wconf 70' lang='lat' dir='ltr'><strong>sot.</strong></span> <span class='ocrx_word' id='word_1_14' title='bbox 663 910 815 960; x_wconf 81' lang='lat' dir='ltr'>OCCASVS</span> <span class='ocrx_word' id='word_1_15' title='bbox 837 912 998 960; x_wconf 81' lang='lat' dir='ltr'><strong>SVPREMA</strong></span> <span class='ocrx_word' id='word_1_16' title='bbox 1019 913 1219 963; x_wconf 79' lang='lat' dir='ltr'>TEMPESTAS</span> <span class='ocrx_word' id='word_1_17' title='bbox 1240 913 1339 963; x_wconf 82' lang='lat' dir='ltr'><strong>ESTO.</strong></span> 
     </span>
    </p>
   </div>
   <div class='ocr_carea' id='block_1_4' title="bbox 864 1064 913 1129">
    <p class='ocr_par' dir='ltr' id='par_1_4' title="bbox 864 1064 913 1129">
     <span class='ocr_line' id='line_1_4' title="bbox 864 1064 913 1129; baseline 0 -1"><span class='ocrx_word' id='word_1_18' title='bbox 864 1064 913 1129; x_wconf 90' lang='grc'><strong>10.</strong></span> 
     </span>
    </p>
   </div>
   <div class='ocr_carea' id='block_1_5' title="bbox 251 1198 1460 1797">
    <p class='ocr_par' dir='ltr' id='par_1_5' title="bbox 251 1198 1460 1797">
     <span class='ocr_line' id='line_1_5' title="bbox 401 1198 1459 1287; baseline 0.003 -21"><span class='ocrx_word' id='word_1_19' title='bbox 401 1199 528 1266; x_wconf 78' lang='lat' dir='ltr'>Gellius</span> <span class='ocrx_word' id='word_1_20' title='bbox 542 1200 583 1265; x_wconf 86' lang='lat' dir='ltr'><strong>N.</strong></span> <span class='ocrx_word' id='word_1_21' title='bbox 601 1199 643 1265; x_wconf 82' lang='lat' dir='ltr'><strong>A.</strong></span> <span class='ocrx_word' id='word_1_22' title='bbox 659 1199 745 1265; x_wconf 87' lang='lat' dir='ltr'><strong>XVI</strong></span> <span class='ocrx_word' id='word_1_23' title='bbox 762 1201 817 1282; x_wconf 86' lang='lat'><strong>10,</strong></span> <span class='ocrx_word' id='word_1_24' title='bbox 838 1201 869 1265; x_wconf 88' lang='grc'><strong>8.</strong></span> <span class='ocrx_word' id='word_1_25' title='bbox 893 1198 971 1266; x_wconf 79' lang='lat' dir='ltr'><strong>‘Sed</strong></span> <span class='ocrx_word' id='word_1_26' title='bbox 996 1200 1177 1267; x_wconf 90' lang='lat' dir='ltr'><strong>enimcum</strong></span> <span class='ocrx_word' id='word_1_27' title='bbox 1198 1200 1402 1287; x_wconf 80' lang='lat' dir='ltr'><strong>‘proletarii’</strong></span> <span class='ocrx_word' id='word_1_28' title='bbox 1426 1214 1459 1269; x_wconf 91' lang='lat' dir='ltr'><strong>et</strong></span> 
     </span>
     <span class='ocr_line' id='line_1_6' title="bbox 316 1301 1459 1389; baseline 0 -22"><span class='ocrx_word' id='word_1_29' title='bbox 316 1301 483 1367; x_wconf 78' lang='lat' dir='ltr'><strong>‘adsidui&#39;</strong></span> <span class='ocrx_word' id='word_1_30' title='bbox 501 1311 534 1369; x_wconf 89' lang='lat' dir='ltr'><strong>et</strong></span> <span class='ocrx_word' id='word_1_31' title='bbox 550 1306 715 1367; x_wconf 78' lang='lat' dir='ltr'><strong>‘sanates&#39;</strong></span> <span class='ocrx_word' id='word_1_32' title='bbox 731 1310 764 1367; x_wconf 88' lang='lat' dir='ltr'><strong>ct</strong></span> <span class='ocrx_word' id='word_1_33' title='bbox 780 1301 943 1367; x_wconf 79' lang='lat' dir='ltr'><strong>‘uades&#39;</strong></span> <span class='ocrx_word' id='word_1_34' title='bbox 959 1312 992 1369; x_wconf 88' lang='lat' dir='ltr'><strong>et</strong></span> <span class='ocrx_word' id='word_1_35' title='bbox 1012 1303 1253 1369; x_wconf 74' lang='lat' dir='ltr'><strong>‘subuudes&#39;</strong></span> <span class='ocrx_word' id='word_1_36' title='bbox 1276 1313 1310 1369; x_wconf 91' lang='lat' dir='ltr'><strong>et</strong></span> <span class='ocrx_word' id='word_1_37' title='bbox 1324 1304 1459 1389; x_wconf 84' lang='lat' dir='ltr'><strong>‘uiginti</strong></span> 
     </span>
     <span class='ocr_line' id='line_1_7' title="bbox 315 1403 1459 1492; baseline 0.003 -23"><span class='ocrx_word' id='word_1_38' title='bbox 315 1405 458 1492; x_wconf 88' lang='lat' dir='ltr'><strong>quinque</strong></span> <span class='ocrx_word' id='word_1_39' title='bbox 472 1410 576 1469; x_wconf 84' lang='lat' dir='ltr'><strong>asses’</strong></span> <span class='ocrx_word' id='word_1_40' title='bbox 586 1414 624 1469; x_wconf 87' lang='lat' dir='ltr'><strong>et</strong></span> <span class='ocrx_word' id='word_1_41' title='bbox 640 1403 802 1469; x_wconf 75' lang='lat' dir='ltr'><strong>‘taliones’</strong></span> <span class='ocrx_word' id='word_1_42' title='bbox 818 1404 1045 1491; x_wconf 80' lang='lat' dir='ltr'><strong>furtorumque</strong></span> <span class='ocrx_word' id='word_1_43' title='bbox 1056 1405 1203 1491; x_wconf 76' lang='lat' dir='ltr'><strong>quaestio</strong></span> <span class='ocrx_word' id='word_1_44' title='bbox 1216 1411 1303 1471; x_wconf 77' lang='lat' dir='ltr'><strong>‘eum</strong></span> <span class='ocrx_word' id='word_1_45' title='bbox 1318 1404 1411 1471; x_wconf 85' lang='lat' dir='ltr'><strong>lance</strong></span> <span class='ocrx_word' id='word_1_46' title='bbox 1425 1418 1459 1473; x_wconf 90' lang='lat' dir='ltr'><strong>et</strong></span> 
     </span>
     <span class='ocr_line' id='line_1_8' title="bbox 251 1503 1459 1595; baseline 0.002 -26"><span class='ocrx_word' id='word_1_47' title='bbox 251 1586 253 1595; x_wconf 33' lang='grc' dir='ltr'>Ι</span> <span class='ocrx_word' id='word_1_48' title='bbox 313 1505 401 1571; x_wconf 87' lang='lat' dir='ltr'><strong>licio’</strong></span> <span class='ocrx_word' id='word_1_49' title='bbox 418 1505 610 1571; x_wconf 85' lang='lat' dir='ltr'><strong>euenuerint</strong></span> <span class='ocrx_word' id='word_1_50' title='bbox 626 1506 795 1591; x_wconf 88' lang='lat' dir='ltr'><strong>omnisque</strong></span> <span class='ocrx_word' id='word_1_51' title='bbox 815 1504 872 1571; x_wconf 91' lang='lat' dir='ltr'><strong>illa</strong></span> <span class='ocrx_word' id='word_1_52' title='bbox 887 1503 1061 1572; x_wconf 88' lang='lat' dir='ltr'><strong>duodecim</strong></span> <span class='ocrx_word' id='word_1_53' title='bbox 1076 1505 1261 1572; x_wconf 84' lang='lat' dir='ltr'><strong>tabularum</strong></span> <span class='ocrx_word' id='word_1_54' title='bbox 1281 1508 1459 1594; x_wconf 81' lang='lat' dir='ltr'><strong>antiquitas</strong></span> 
     </span>
     <span class='ocr_line' id='line_1_9' title="bbox 313 1606 1460 1693; baseline 0.001 -20"><span class='ocrx_word' id='word_1_55' title='bbox 313 1608 378 1673; x_wconf 89' lang='lat' dir='ltr'><strong>nisi</strong></span> <span class='ocrx_word' id='word_1_56' title='bbox 392 1610 427 1673; x_wconf 91' lang='lat' dir='ltr'><strong>in</strong></span> <span class='ocrx_word' id='word_1_57' title='bbox 442 1606 522 1693; x_wconf 79' lang='lat' dir='ltr'><strong>legis</strong></span> <span class='ocrx_word' id='word_1_58' title='bbox 539 1607 723 1673; x_wconf 80' lang='lat' dir='ltr'><strong>actionibus</strong></span> <span class='ocrx_word' id='word_1_59' title='bbox 739 1607 1023 1674; x_wconf 89' lang='lat' dir='ltr'><strong>centumuiralium</strong></span> <span class='ocrx_word' id='word_1_60' title='bbox 1042 1631 1215 1674; x_wconf 86' lang='lat' dir='ltr'><strong>causarum</strong></span> <span class='ocrx_word' id='word_1_61' title='bbox 1231 1607 1303 1693; x_wconf 86' lang='lat' dir='ltr'><strong>loge</strong></span> <span class='ocrx_word' id='word_1_62' title='bbox 1316 1610 1460 1676; x_wconf 87' lang='lat' dir='ltr'><strong>Aebutia</strong></span> 
     </span>
     <span class='ocr_line' id='line_1_10' title="bbox 311 1706 1394 1797; baseline 0.002 -22"><span class='ocrx_word' id='word_1_63' title='bbox 311 1708 382 1776; x_wconf 88' lang='lat' dir='ltr'><strong>lata</strong></span> <span class='ocrx_word' id='word_1_64' title='bbox 396 1706 567 1797; x_wconf 88' lang='lat' dir='ltr'><strong>consopita</strong></span> <span class='ocrx_word' id='word_1_65' title='bbox 581 1709 641 1776; x_wconf 88' lang='lat' dir='ltr'><strong>sit&#39;</strong></span> <span class='ocrx_word' id='word_1_66' title='bbox 657 1733 685 1777; x_wconf 88' lang='lat' dir='ltr'><strong>e.</strong></span> <span class='ocrx_word' id='word_1_67' title='bbox 701 1732 732 1797; x_wconf 88' lang='lat' dir='ltr'><strong>q.</strong></span> <span class='ocrx_word' id='word_1_68' title='bbox 749 1732 775 1775; x_wconf 87' lang='lat' dir='ltr'><strong>s.</strong></span> <span class='ocrx_word' id='word_1_69' title='bbox 1392 1715 1394 1718; x_wconf 78' lang='grc'><strong>’</strong></span> 
     </span>
    </p>
   </div>
   <div class='ocr_carea' id='block_1_6' title="bbox 312 2000 1556 2069">
    <p class='ocr_par' dir='ltr' id='par_1_6' title="bbox 312 2000 1556 2069">
     <span class='ocr_line' id='line_1_11' title="bbox 312 2000 1556 2069; baseline -0.002 -15"><span class='ocrx_word' id='word_1_70' title='bbox 312 2002 423 2054; x_wconf 84' lang='lat' dir='ltr'><strong>surinus</strong></span> <span class='ocrx_word' id='word_1_71' title='bbox 442 2001 474 2053; x_wconf 92' lang='lat' dir='ltr'><strong>de</strong></span> <span class='ocrx_word' id='word_1_72' title='bbox 493 2000 538 2052; x_wconf 89' lang='lat' dir='ltr'><strong>die</strong></span> <span class='ocrx_word' id='word_1_73' title='bbox 556 2000 645 2053; x_wconf 85' lang='lat' dir='ltr'><strong>natali</strong></span> <span class='ocrx_word' id='word_1_74' title='bbox 668 2017 730 2069; x_wconf 82' lang='lat' dir='ltr'><strong>cup.</strong></span> <span class='ocrx_word' id='word_1_75' title='bbox 748 2004 781 2053; x_wconf 78' lang='lat'><strong>23</strong></span> <span class='ocrx_word' id='word_1_76' title='bbox 800 2002 949 2053; x_wconf 85' lang='lat' dir='ltr'><strong>‘Horarum</strong></span> <span class='ocrx_word' id='word_1_77' title='bbox 970 2018 1069 2053; x_wconf 89' lang='lat' dir='ltr'><strong>nomen</strong></span> <span class='ocrx_word' id='word_1_78' title='bbox 1091 2018 1146 2053; x_wconf 91' lang='lat' dir='ltr'><strong>non</strong></span> <span class='ocrx_word' id='word_1_79' title='bbox 1169 2003 1260 2053; x_wconf 90' lang='lat' dir='ltr'><strong>minus</strong></span> <span class='ocrx_word' id='word_1_80' title='bbox 1282 2019 1369 2054; x_wconf 87' lang='lat' dir='ltr'><strong>annos</strong></span> <span class='ocrx_word' id='word_1_81' title='bbox 1389 2002 1459 2053; x_wconf 79' lang='lat' dir='ltr'><strong>CCC</strong></span> <span class='ocrx_word' id='word_1_82' title='bbox 1554 2047 1556 2052; x_wconf 93' lang='lat'><strong>.</strong></span> 
     </span>
    </p>
   </div>
   <div class='ocr_carea' id='block_1_7' title="bbox 312 2086 1460 2493">
    <p class='ocr_par' dir='ltr' id='par_1_7' title="bbox 312 2086 1460 2493">
     <span class='ocr_line' id='line_1_12' title="bbox 313 2086 1460 2153; baseline 0 -16"><span class='ocrx_word' id='word_1_83' title='bbox 313 2088 418 2137; x_wconf 89' lang='lat' dir='ltr'><strong>Romae</strong></span> <span class='ocrx_word' id='word_1_84' title='bbox 441 2087 597 2152; x_wconf 84' lang='lat' dir='ltr'><strong>ignoratum</strong></span> <span class='ocrx_word' id='word_1_85' title='bbox 622 2102 684 2137; x_wconf 89' lang='lat' dir='ltr'><strong>esse</strong></span> <span class='ocrx_word' id='word_1_86' title='bbox 707 2086 839 2138; x_wconf 82' lang='lat' dir='ltr'><strong>credibile</strong></span> <span class='ocrx_word' id='word_1_87' title='bbox 864 2092 919 2139; x_wconf 90' lang='lat' dir='ltr'><strong>est:</strong></span> <span class='ocrx_word' id='word_1_88' title='bbox 944 2104 1008 2138; x_wconf 88' lang='lat' dir='ltr'><strong>nam</strong></span> <span class='ocrx_word' id='word_1_89' title='bbox 1031 2088 1086 2139; x_wconf 87' lang='lat' dir='ltr'><strong>XII</strong></span> <span class='ocrx_word' id='word_1_90' title='bbox 1104 2087 1210 2138; x_wconf 87' lang='lat' dir='ltr'><strong>tabulis</strong></span> <span class='ocrx_word' id='word_1_91' title='bbox 1229 2086 1290 2153; x_wconf 66' lang='lat' dir='ltr'><strong>(leu-</strong></span> <span class='ocrx_word' id='word_1_92' title='bbox 1307 2088 1337 2137; x_wconf 90' lang='lat' dir='ltr'><strong>in</strong></span> <span class='ocrx_word' id='word_1_93' title='bbox 1355 2088 1410 2138; x_wconf 89' lang='lat' dir='ltr'><strong>XII</strong></span> <span class='ocrx_word' id='word_1_94' title='bbox 1427 2087 1460 2153; x_wconf 82' lang='lat' dir='ltr'><strong>t)</strong></span> 
     </span>
     <span class='ocr_line' id='line_1_13' title="bbox 312 2170 1460 2239; baseline 0.002 -18"><span class='ocrx_word' id='word_1_95' title='bbox 312 2186 450 2236; x_wconf 87' lang='lat' dir='ltr'><strong>nusquam</strong></span> <span class='ocrx_word' id='word_1_96' title='bbox 468 2172 624 2221; x_wconf 86' lang='lat' dir='ltr'><strong>nominatas</strong></span> <span class='ocrx_word' id='word_1_97' title='bbox 642 2170 723 2223; x_wconf 89' lang='lat' dir='ltr'><strong>horas</strong></span> <span class='ocrx_word' id='word_1_98' title='bbox 742 2174 869 2223; x_wconf 88' lang='lat' dir='ltr'><strong>inuenies</strong></span> <span class='ocrx_word' id='word_1_99' title='bbox 881 2177 912 2222; x_wconf 91' lang='lat' dir='ltr'><strong>ut</strong></span> <span class='ocrx_word' id='word_1_100' title='bbox 923 2174 954 2222; x_wconf 80' lang='lat' dir='ltr'>In</span> <span class='ocrx_word' id='word_1_101' title='bbox 966 2174 1032 2224; x_wconf 85' lang='lat' dir='ltr'><strong>aliis</strong></span> <span class='ocrx_word' id='word_1_102' title='bbox 1043 2177 1141 2238; x_wconf 84' lang='lat' dir='ltr'><strong>postea</strong></span> <span class='ocrx_word' id='word_1_103' title='bbox 1155 2171 1278 2239; x_wconf 86' lang='lat' dir='ltr'><strong>legibus,</strong></span> <span class='ocrx_word' id='word_1_104' title='bbox 1298 2172 1346 2223; x_wconf 88' lang='lat' dir='ltr'><strong>sed</strong></span> <span class='ocrx_word' id='word_1_105' title='bbox 1365 2178 1460 2224; x_wconf 83' lang='lat' dir='ltr'><strong>‘ante</strong></span> 
     </span>
     <span class='ocr_line' id='line_1_14' title="bbox 312 2256 1460 2323; baseline 0.001 -16"><span class='ocrx_word' id='word_1_106' title='bbox 312 2256 514 2321; x_wconf 88' lang='lat' dir='ltr'><strong>meridiem’‚</strong></span> <span class='ocrx_word' id='word_1_107' title='bbox 535 2272 567 2308; x_wconf 87' lang='lat' dir='ltr'><strong>eo</strong></span> <span class='ocrx_word' id='word_1_108' title='bbox 585 2256 733 2317; x_wconf 87' lang='lat' dir='ltr'><strong>uidelicet,</strong></span> <span class='ocrx_word' id='word_1_109' title='bbox 753 2256 824 2322; x_wconf 90' lang='lat' dir='ltr'><strong>quod</strong></span> <span class='ocrx_word' id='word_1_110' title='bbox 845 2262 942 2323; x_wconf 88' lang='lat' dir='ltr'><strong>partes</strong></span> <span class='ocrx_word' id='word_1_111' title='bbox 964 2259 1020 2309; x_wconf 85' lang='lat' dir='ltr'><strong>diei</strong></span> <span class='ocrx_word' id='word_1_112' title='bbox 1041 2258 1172 2310; x_wconf 82' lang='lat' dir='ltr'><strong>bifariam</strong></span> <span class='ocrx_word' id='word_1_113' title='bbox 1193 2262 1251 2307; x_wconf 90' lang='lat' dir='ltr'><strong>tum</strong></span> <span class='ocrx_word' id='word_1_114' title='bbox 1273 2256 1358 2307; x_wconf 88' lang='lat' dir='ltr'><strong>diuisi</strong></span> <span class='ocrx_word' id='word_1_115' title='bbox 1380 2260 1460 2309; x_wconf 85' lang='lat' dir='ltr'><strong>meri-</strong></span> 
     </span>
     <span class='ocr_line' id='line_1_15' title="bbox 312 2339 1460 2412; baseline 0.001 -20"><span class='ocrx_word' id='word_1_116' title='bbox 312 2343 374 2392; x_wconf 87' lang='lat' dir='ltr'><strong>dies</strong></span> <span class='ocrx_word' id='word_1_117' title='bbox 397 2341 584 2412; x_wconf 75' lang='lat' dir='ltr'><strong>discernebat.</strong></span> <span class='ocrx_word' id='word_1_118' title='bbox 653 2339 701 2409; x_wconf 85' lang='lat'><strong>(9.)</strong></span> <span class='ocrx_word' id='word_1_119' title='bbox 724 2343 812 2393; x_wconf 88' lang='lat' dir='ltr'><strong>Varro</strong></span> <span class='ocrx_word' id='word_1_120' title='bbox 835 2342 869 2393; x_wconf 91' lang='lat' dir='ltr'><strong>de</strong></span> <span class='ocrx_word' id='word_1_121' title='bbox 891 2344 924 2393; x_wconf 90' lang='lat' dir='ltr'><strong>L.</strong></span> <span class='ocrx_word' id='word_1_122' title='bbox 944 2344 979 2395; x_wconf 93' lang='lat' dir='ltr'><strong>L.</strong></span> <span class='ocrx_word' id='word_1_123' title='bbox 997 2344 1051 2395; x_wconf 90' lang='lat' dir='ltr'><strong>VII</strong></span> <span class='ocrx_word' id='word_1_124' title='bbox 1069 2345 1101 2395; x_wconf 79' lang='lat'><strong>51</strong></span> <span class='ocrx_word' id='word_1_125' title='bbox 1124 2341 1302 2409; x_wconf 79' lang='lat' dir='ltr'><strong>‘Supremum</strong></span> <span class='ocrx_word' id='word_1_126' title='bbox 1325 2359 1343 2393; x_wconf 88' lang='lat' dir='ltr'><strong>a</strong></span> <span class='ocrx_word' id='word_1_127' title='bbox 1365 2359 1460 2409; x_wconf 85' lang='lat' dir='ltr'><strong>super-</strong></span> 
     </span>
     <span class='ocr_line' id='line_1_16' title="bbox 312 2426 1459 2493; baseline 0 -16"><span class='ocrx_word' id='word_1_128' title='bbox 312 2442 389 2477; x_wconf 88' lang='lat' dir='ltr'><strong>rumo</strong></span> <span class='ocrx_word' id='word_1_129' title='bbox 413 2426 525 2477; x_wconf 91' lang='lat' dir='ltr'><strong>dictum.</strong></span> <span class='ocrx_word' id='word_1_130' title='bbox 565 2428 665 2493; x_wconf 89' lang='lat' dir='ltr'><strong>Ilsque</strong></span> <span class='ocrx_word' id='word_1_131' title='bbox 692 2427 721 2477; x_wconf 91' lang='lat' dir='ltr'><strong>iu</strong></span> <span class='ocrx_word' id='word_1_132' title='bbox 743 2426 798 2477; x_wconf 90' lang='lat' dir='ltr'><strong>XII</strong></span> <span class='ocrx_word' id='word_1_133' title='bbox 821 2427 916 2479; x_wconf 88' lang='lat' dir='ltr'><strong>dieunt</strong></span> <span class='ocrx_word' id='word_1_134' title='bbox 939 2428 1046 2479; x_wconf 81' lang='lat' dir='ltr'><strong>‘Solis</strong></span> <span class='ocrx_word' id='word_1_135' title='bbox 1065 2468 1072 2481; x_wconf 92' lang='lat'><strong>.</strong></span> <span class='ocrx_word' id='word_1_136' title='bbox 1090 2468 1097 2481; x_wconf 87' lang='lat'><strong>.</strong></span> <span class='ocrx_word' id='word_1_137' title='bbox 1118 2430 1139 2480; x_wconf 90' lang='lat'><strong>.’</strong></span> <span class='ocrx_word' id='word_1_138' title='bbox 1178 2428 1281 2477; x_wconf 79' lang='lat' dir='ltr'><strong>Festus</strong></span> <span class='ocrx_word' id='word_1_139' title='bbox 1303 2443 1330 2493; x_wconf 87' lang='lat' dir='ltr'><strong>p.</strong></span> <span class='ocrx_word' id='word_1_140' title='bbox 1349 2430 1399 2479; x_wconf 82' lang='lat'><strong>305</strong></span> <span class='ocrx_word' id='word_1_141' title='bbox 1422 2428 1459 2477; x_wconf 88' lang='lat' dir='ltr'><strong>M.</strong></span> 
     </span>
    </p>
   </div>
   <div class='ocr_carea' id='block_1_8' title="bbox 312 2510 1551 2579">
    <p class='ocr_par' dir='ltr' id='par_1_8' title="bbox 312 2510 1551 2579">
     <span class='ocr_line' id='line_1_17' title="bbox 312 2510 1551 2579; baseline 0.001 -17"><span class='ocrx_word' id='word_1_142' title='bbox 312 2511 507 2577; x_wconf 83' lang='lat' dir='ltr'><strong>‘Suppremum</strong></span> <span class='ocrx_word' id='word_1_143' title='bbox 526 2546 532 2561; x_wconf 95' lang='lat'><strong>.</strong></span> <span class='ocrx_word' id='word_1_144' title='bbox 553 2549 586 2565; x_wconf 87' lang='lat'><strong>..</strong></span> <span class='ocrx_word' id='word_1_145' title='bbox 611 2512 683 2562; x_wconf 91' lang='lat' dir='ltr'><strong>alias</strong></span> <span class='ocrx_word' id='word_1_146' title='bbox 706 2510 868 2576; x_wconf 65' lang='lat' dir='ltr'><strong>extremum</strong></span> <span class='ocrx_word' id='word_1_147' title='bbox 891 2512 1032 2579; x_wconf 81' lang='lat' dir='ltr'><strong>significat</strong></span> <span class='ocrx_word' id='word_1_148' title='bbox 1057 2510 1098 2577; x_wconf 87' lang='lat' dir='ltr'><strong>ut)</strong></span> <span class='ocrx_word' id='word_1_149' title='bbox 1122 2511 1151 2560; x_wconf 93' lang='lat' dir='ltr'><strong>in</strong></span> <span class='ocrx_word' id='word_1_150' title='bbox 1178 2510 1288 2577; x_wconf 80' lang='lat' dir='ltr'><strong>legibus</strong></span> <span class='ocrx_word' id='word_1_151' title='bbox 1309 2512 1365 2563; x_wconf 89' lang='lat' dir='ltr'><strong>XII</strong></span> <span class='ocrx_word' id='word_1_152' title='bbox 1387 2512 1460 2563; x_wconf 85' lang='lat' dir='ltr'><strong>‘So-</strong></span> <span class='ocrx_word' id='word_1_153' title='bbox 1547 2564 1551 2570; x_wconf 81' lang='grc'>,</span> 
     </span>
    </p>
   </div>
   <div class='ocr_carea' id='block_1_9' title="bbox 311 2596 1462 3429">
    <p class='ocr_par' dir='ltr' id='par_1_9' title="bbox 311 2596 1462 3429">
     <span class='ocr_line' id='line_1_18' title="bbox 311 2596 1461 2663; baseline 0 -15"><span class='ocrx_word' id='word_1_154' title='bbox 311 2598 358 2648; x_wconf 91' lang='lat' dir='ltr'><strong>lis</strong></span> <span class='ocrx_word' id='word_1_155' title='bbox 377 2634 383 2648; x_wconf 94' lang='lat'><strong>.</strong></span> <span class='ocrx_word' id='word_1_156' title='bbox 404 2637 411 2650; x_wconf 89' lang='lat'><strong>.</strong></span> <span class='ocrx_word' id='word_1_157' title='bbox 429 2600 447 2649; x_wconf 86' lang='lat'><strong>.’</strong></span> <span class='ocrx_word' id='word_1_158' title='bbox 483 2596 641 2647; x_wconf 82' lang='lat' dir='ltr'><strong>Macrobius</strong></span> <span class='ocrx_word' id='word_1_159' title='bbox 665 2596 723 2653; x_wconf 84' lang='lat' dir='ltr'><strong>Sat.</strong></span> <span class='ocrx_word' id='word_1_160' title='bbox 746 2598 761 2649; x_wconf 95' lang='lat' dir='ltr'><strong>I</strong></span> <span class='ocrx_word' id='word_1_161' title='bbox 778 2600 847 2658; x_wconf 88' lang='lat'>3,14</span> <span class='ocrx_word' id='word_1_162' title='bbox 864 2598 919 2647; x_wconf 72' lang='lat' dir='ltr'><strong>‘Et</strong></span> <span class='ocrx_word' id='word_1_163' title='bbox 937 2613 999 2648; x_wconf 87' lang='lat' dir='ltr'><strong>mox</strong></span> <span class='ocrx_word' id='word_1_164' title='bbox 1016 2613 1144 2662; x_wconf 87' lang='lat' dir='ltr'><strong>suprema</strong></span> <span class='ocrx_word' id='word_1_165' title='bbox 1162 2600 1328 2663; x_wconf 82' lang='lat' dir='ltr'><strong>tempestas,</strong></span> <span class='ocrx_word' id='word_1_166' title='bbox 1346 2597 1399 2647; x_wconf 89' lang='lat' dir='ltr'><strong>hoc</strong></span> <span class='ocrx_word' id='word_1_167' title='bbox 1418 2604 1461 2648; x_wconf 88' lang='lat' dir='ltr'><strong>est</strong></span> 
     </span>
     <span class='ocr_line' id='line_1_19' title="bbox 311 2679 1459 2747; baseline 0 -14"><span class='ocrx_word' id='word_1_168' title='bbox 311 2682 370 2733; x_wconf 89' lang='lat' dir='ltr'><strong>diei</strong></span> <span class='ocrx_word' id='word_1_169' title='bbox 397 2680 577 2731; x_wconf 88' lang='lat' dir='ltr'><strong>nouissimum</strong></span> <span class='ocrx_word' id='word_1_170' title='bbox 607 2685 728 2747; x_wconf 89' lang='lat' dir='ltr'><strong>tempus,</strong></span> <span class='ocrx_word' id='word_1_171' title='bbox 760 2683 834 2733; x_wconf 89' lang='lat' dir='ltr'><strong>sicut</strong></span> <span class='ocrx_word' id='word_1_172' title='bbox 861 2697 1021 2747; x_wconf 88' lang='lat' dir='ltr'><strong>expressum</strong></span> <span class='ocrx_word' id='word_1_173' title='bbox 1049 2683 1093 2731; x_wconf 87' lang='lat' dir='ltr'><strong>est</strong></span> <span class='ocrx_word' id='word_1_174' title='bbox 1117 2679 1147 2729; x_wconf 91' lang='lat' dir='ltr'><strong>in</strong></span> <span class='ocrx_word' id='word_1_175' title='bbox 1172 2680 1226 2729; x_wconf 91' lang='lat' dir='ltr'><strong>XII</strong></span> <span class='ocrx_word' id='word_1_176' title='bbox 1257 2680 1360 2731; x_wconf 91' lang='lat' dir='ltr'><strong>tabulis</strong></span> <span class='ocrx_word' id='word_1_177' title='bbox 1386 2681 1459 2733; x_wconf 74' lang='lat' dir='ltr'><strong>‘So-</strong></span> 
     </span>
     <span class='ocr_line' id='line_1_20' title="bbox 311 2765 1459 2833; baseline 0.001 -16"><span class='ocrx_word' id='word_1_178' title='bbox 311 2767 357 2818; x_wconf 91' lang='lat' dir='ltr'><strong>lis</strong></span> <span class='ocrx_word' id='word_1_179' title='bbox 371 2803 377 2815; x_wconf 90' lang='lat'><strong>.</strong></span> <span class='ocrx_word' id='word_1_180' title='bbox 392 2804 398 2817; x_wconf 93' lang='lat'><strong>.</strong></span> <span class='ocrx_word' id='word_1_181' title='bbox 413 2769 431 2821; x_wconf 86' lang='lat'><strong>.’</strong></span> <span class='ocrx_word' id='word_1_182' title='bbox 468 2765 636 2816; x_wconf 83' lang='lat' dir='ltr'><strong>Censorinus</strong></span> <span class='ocrx_word' id='word_1_183' title='bbox 653 2765 671 2815; x_wconf 95' lang='lat' dir='ltr'><strong>l.</strong></span> <span class='ocrx_word' id='word_1_184' title='bbox 690 2766 709 2820; x_wconf 87' lang='lat'><strong>1.</strong></span> <span class='ocrx_word' id='word_1_185' title='bbox 729 2782 753 2819; x_wconf 88' lang='lat' dir='ltr'><strong>c.</strong></span> <span class='ocrx_word' id='word_1_186' title='bbox 772 2770 805 2817; x_wconf 78' lang='lat'><strong>24</strong></span> <span class='ocrx_word' id='word_1_187' title='bbox 823 2768 911 2818; x_wconf 86' lang='lat' dir='ltr'><strong>‘Hine</strong></span> <span class='ocrx_word' id='word_1_188' title='bbox 929 2782 1070 2833; x_wconf 81' lang='lat' dir='ltr'><strong>supremas</strong></span> <span class='ocrx_word' id='word_1_189' title='bbox 1089 2765 1217 2829; x_wconf 90' lang='lat' dir='ltr'><strong>quamuis</strong></span> <span class='ocrx_word' id='word_1_190' title='bbox 1235 2766 1346 2831; x_wconf 86' lang='lat' dir='ltr'><strong>plurimi</strong></span> <span class='ocrx_word' id='word_1_191' title='bbox 1365 2782 1459 2833; x_wconf 89' lang='lat' dir='ltr'><strong>supre-</strong></span> 
     </span>
     <span class='ocr_line' id='line_1_21' title="bbox 312 2850 1459 2917; baseline -0.001 -14"><span class='ocrx_word' id='word_1_192' title='bbox 312 2868 387 2903; x_wconf 82' lang='lat' dir='ltr'><strong>mam</strong></span> <span class='ocrx_word' id='word_1_193' title='bbox 405 2854 469 2917; x_wconf 87' lang='lat' dir='ltr'><strong>post</strong></span> <span class='ocrx_word' id='word_1_194' title='bbox 487 2866 617 2902; x_wconf 83' lang='lat' dir='ltr'><strong>occasum</strong></span> <span class='ocrx_word' id='word_1_195' title='bbox 636 2850 703 2902; x_wconf 90' lang='lat' dir='ltr'><strong>solis</strong></span> <span class='ocrx_word' id='word_1_196' title='bbox 718 2867 783 2906; x_wconf 68' lang='lat' dir='ltr'><strong>,esse</strong></span> <span class='ocrx_word' id='word_1_197' title='bbox 803 2852 977 2914; x_wconf 84' lang='lat' dir='ltr'><strong>existimant,</strong></span> <span class='ocrx_word' id='word_1_198' title='bbox 1001 2851 1066 2916; x_wconf 86' lang='lat' dir='ltr'><strong>quia</strong></span> <span class='ocrx_word' id='word_1_199' title='bbox 1084 2853 1127 2901; x_wconf 89' lang='lat' dir='ltr'><strong>est</strong></span> <span class='ocrx_word' id='word_1_200' title='bbox 1148 2850 1178 2899; x_wconf 90' lang='lat' dir='ltr'><strong>in</strong></span> <span class='ocrx_word' id='word_1_201' title='bbox 1196 2850 1250 2901; x_wconf 91' lang='lat' dir='ltr'><strong>XII</strong></span> <span class='ocrx_word' id='word_1_202' title='bbox 1268 2850 1374 2901; x_wconf 87' lang='lat' dir='ltr'><strong>tabulis</strong></span> <span class='ocrx_word' id='word_1_203' title='bbox 1392 2854 1459 2902; x_wconf 89' lang='lat' dir='ltr'><strong>scri·</strong></span> 
     </span>
     <span class='ocr_line' id='line_1_22' title="bbox 311 2934 1458 3003; baseline -0.002 -15"><span class='ocrx_word' id='word_1_204' title='bbox 311 2942 392 3003; x_wconf 87' lang='lat' dir='ltr'><strong>ptum</strong></span> <span class='ocrx_word' id='word_1_205' title='bbox 407 2936 463 2989; x_wconf 88' lang='lat' dir='ltr'><strong>sic:</strong></span> <span class='ocrx_word' id='word_1_206' title='bbox 483 2934 594 2986; x_wconf 83' lang='lat' dir='ltr'><strong>‘Solis</strong></span> <span class='ocrx_word' id='word_1_207' title='bbox 614 2973 620 2985; x_wconf 91' lang='lat'><strong>.</strong></span> <span class='ocrx_word' id='word_1_208' title='bbox 640 2972 647 2986; x_wconf 98' lang='lat'><strong>.</strong></span> <span class='ocrx_word' id='word_1_209' title='bbox 667 2939 689 2987; x_wconf 91' lang='lat'><strong>.&#39;</strong></span> <span class='ocrx_word' id='word_1_210' title='bbox 726 2937 762 2987; x_wconf 83' lang='lat' dir='ltr'><strong>ct.</strong></span> <span class='ocrx_word' id='word_1_211' title='bbox 786 2937 873 2987; x_wconf 88' lang='lat' dir='ltr'><strong>Varro</strong></span> <span class='ocrx_word' id='word_1_212' title='bbox 896 2937 915 2987; x_wconf 94' lang='lat' dir='ltr'><strong>l.</strong></span> <span class='ocrx_word' id='word_1_213' title='bbox 934 2936 1043 2987; x_wconf 84' lang='lat' dir='ltr'><strong>1.v15</strong></span> <span class='ocrx_word' id='word_1_214' title='bbox 1065 2934 1215 3001; x_wconf 80' lang='lat' dir='ltr'><strong>‘Suprema</strong></span> <span class='ocrx_word' id='word_1_215' title='bbox 1237 2950 1370 2986; x_wconf 87' lang='lat' dir='ltr'><strong>summum</strong></span> <span class='ocrx_word' id='word_1_216' title='bbox 1393 2936 1458 3000; x_wconf 86' lang='lat' dir='ltr'><strong>diei,</strong></span> 
     </span>
     <span class='ocr_line' id='line_1_23' title="bbox 311 3020 1459 3087; baseline -0.001 -14"><span class='ocrx_word' id='word_1_217' title='bbox 311 3023 339 3073; x_wconf 89' lang='lat' dir='ltr'><strong>id</strong></span> <span class='ocrx_word' id='word_1_218' title='bbox 361 3037 379 3071; x_wconf 89' lang='lat' dir='ltr'><strong>a</strong></span> <span class='ocrx_word' id='word_1_219' title='bbox 398 3020 559 3087; x_wconf 88' lang='lat' dir='ltr'><strong>superrimo.</strong></span> <span class='ocrx_word' id='word_1_220' title='bbox 595 3021 655 3071; x_wconf 90' lang='lat' dir='ltr'><strong>Hoc</strong></span> <span class='ocrx_word' id='word_1_221' title='bbox 675 3026 784 3087; x_wconf 85' lang='lat' dir='ltr'><strong>tompus</strong></span> <span class='ocrx_word' id='word_1_222' title='bbox 802 3020 856 3072; x_wconf 90' lang='lat' dir='ltr'><strong>XII</strong></span> <span class='ocrx_word' id='word_1_223' title='bbox 879 3020 995 3072; x_wconf 86' lang='lat' dir='ltr'><strong>tubulas</strong></span> <span class='ocrx_word' id='word_1_224' title='bbox 1019 3020 1115 3071; x_wconf 90' lang='lat' dir='ltr'><strong>dicunt</strong></span> <span class='ocrx_word' id='word_1_225' title='bbox 1137 3035 1265 3071; x_wconf 72' lang='lat' dir='ltr'><strong>cosmum</strong></span> <span class='ocrx_word' id='word_1_226' title='bbox 1289 3035 1351 3071; x_wconf 90' lang='lat' dir='ltr'><strong>esse</strong></span> <span class='ocrx_word' id='word_1_227' title='bbox 1375 3021 1459 3072; x_wconf 80' lang='lat' dir='ltr'><strong>solIs’</strong></span> 
     </span>
     <span class='ocr_line' id='line_1_24' title="bbox 312 3104 1462 3173; baseline 0 -16"><span class='ocrx_word' id='word_1_228' title='bbox 312 3122 336 3157; x_wconf 89' lang='lat' dir='ltr'><strong>e.</strong></span> <span class='ocrx_word' id='word_1_229' title='bbox 358 3122 384 3171; x_wconf 88' lang='lat' dir='ltr'><strong>q.</strong></span> <span class='ocrx_word' id='word_1_230' title='bbox 403 3122 426 3157; x_wconf 87' lang='lat' dir='ltr'><strong>s.</strong></span> <span class='ocrx_word' id='word_1_231' title='bbox 460 3105 569 3155; x_wconf 88' lang='lat' dir='ltr'><strong>Plinius</strong></span> <span class='ocrx_word' id='word_1_232' title='bbox 587 3106 623 3159; x_wconf 89' lang='lat' dir='ltr'><strong>H.</strong></span> <span class='ocrx_word' id='word_1_233' title='bbox 638 3106 671 3157; x_wconf 88' lang='lat' dir='ltr'><strong>N.</strong></span> <span class='ocrx_word' id='word_1_234' title='bbox 689 3106 742 3157; x_wconf 90' lang='lat' dir='ltr'><strong>VII</strong></span> <span class='ocrx_word' id='word_1_235' title='bbox 760 3109 806 3171; x_wconf 82' lang='grc'><strong>60,</strong></span> <span class='ocrx_word' id='word_1_236' title='bbox 825 3108 874 3157; x_wconf 80' lang='lat'><strong>212</strong></span> <span class='ocrx_word' id='word_1_237' title='bbox 892 3106 1062 3173; x_wconf 81' lang='lat' dir='ltr'><strong>‘Duodecim</strong></span> <span class='ocrx_word' id='word_1_238' title='bbox 1084 3104 1189 3155; x_wconf 77' lang='lat' dir='ltr'><strong>tubuIIs</strong></span> <span class='ocrx_word' id='word_1_239' title='bbox 1207 3107 1283 3155; x_wconf 89' lang='lat' dir='ltr'><strong>ortus</strong></span> <span class='ocrx_word' id='word_1_240' title='bbox 1302 3108 1411 3155; x_wconf 86' lang='lat' dir='ltr'><strong>tantum</strong></span> <span class='ocrx_word' id='word_1_241' title='bbox 1432 3111 1462 3157; x_wconf 89' lang='lat' dir='ltr'><strong>et</strong></span> 
     </span>
     <span class='ocr_line' id='line_1_25' title="bbox 311 3190 1460 3256; baseline -0.001 -13"><span class='ocrx_word' id='word_1_242' title='bbox 311 3206 433 3243; x_wconf 84' lang='lat' dir='ltr'><strong>occasus</strong></span> <span class='ocrx_word' id='word_1_243' title='bbox 451 3191 639 3253; x_wconf 83' lang='lat' dir='ltr'><strong>nominantur;</strong></span> <span class='ocrx_word' id='word_1_244' title='bbox 657 3196 722 3255; x_wconf 87' lang='lat' dir='ltr'><strong>post</strong></span> <span class='ocrx_word' id='word_1_245' title='bbox 739 3192 849 3256; x_wconf 83' lang='lat' dir='ltr'><strong>aliquot</strong></span> <span class='ocrx_word' id='word_1_246' title='bbox 867 3206 955 3242; x_wconf 88' lang='lat' dir='ltr'><strong>annos</strong></span> <span class='ocrx_word' id='word_1_247' title='bbox 968 3190 1094 3241; x_wconf 88' lang='lat' dir='ltr'><strong>adiectus</strong></span> <span class='ocrx_word' id='word_1_248' title='bbox 1107 3193 1150 3239; x_wconf 88' lang='lat' dir='ltr'><strong>est</strong></span> <span class='ocrx_word' id='word_1_249' title='bbox 1163 3193 1192 3239; x_wconf 86' lang='lat' dir='ltr'><strong>et</strong></span> <span class='ocrx_word' id='word_1_250' title='bbox 1203 3190 1343 3240; x_wconf 85' lang='lat' dir='ltr'><strong>meridies’</strong></span> <span class='ocrx_word' id='word_1_251' title='bbox 1361 3206 1386 3241; x_wconf 92' lang='lat' dir='ltr'><strong>e.</strong></span> <span class='ocrx_word' id='word_1_252' title='bbox 1399 3207 1424 3256; x_wconf 89' lang='lat' dir='ltr'><strong>q.</strong></span> <span class='ocrx_word' id='word_1_253' title='bbox 1437 3206 1460 3243; x_wconf 87' lang='lat' dir='ltr'><strong>s.</strong></span> 
     </span>
     <span class='ocr_line' id='line_1_26' title="bbox 311 3274 1461 3343; baseline -0.002 -16"><span class='ocrx_word' id='word_1_254' title='bbox 311 3276 419 3327; x_wconf 84' lang='lat' dir='ltr'><strong>Paulus</strong></span> <span class='ocrx_word' id='word_1_255' title='bbox 437 3292 497 3327; x_wconf 85' lang='lat' dir='ltr'><strong>exc.</strong></span> <span class='ocrx_word' id='word_1_256' title='bbox 518 3292 552 3327; x_wconf 82' lang='lat' dir='ltr'><strong>ex</strong></span> <span class='ocrx_word' id='word_1_257' title='bbox 569 3277 653 3327; x_wconf 88' lang='lat' dir='ltr'><strong>Festo</strong></span> <span class='ocrx_word' id='word_1_258' title='bbox 670 3292 696 3342; x_wconf 91' lang='lat' dir='ltr'><strong>p.</strong></span> <span class='ocrx_word' id='word_1_259' title='bbox 713 3276 763 3327; x_wconf 83' lang='grc'><strong>362</strong></span> <span class='ocrx_word' id='word_1_260' title='bbox 781 3276 818 3326; x_wconf 91' lang='grc' dir='ltr'><strong>Μ.</strong></span> <span class='ocrx_word' id='word_1_261' title='bbox 838 3277 1061 3343; x_wconf 78' lang='lat' dir='ltr'><strong>‘Tempestatem</strong></span> <span class='ocrx_word' id='word_1_262' title='bbox 1082 3290 1132 3341; x_wconf 88' lang='lat' dir='ltr'><strong>pro</strong></span> <span class='ocrx_word' id='word_1_263' title='bbox 1153 3278 1277 3341; x_wconf 87' lang='lat' dir='ltr'><strong>tempore</strong></span> <span class='ocrx_word' id='word_1_264' title='bbox 1300 3274 1461 3340; x_wconf 85' lang='lat' dir='ltr'><strong>frequenter</strong></span> 
     </span>
     <span class='ocr_line' id='line_1_27' title="bbox 312 3358 1036 3429; baseline 0 -16"><span class='ocrx_word' id='word_1_265' title='bbox 312 3362 443 3413; x_wconf 81' lang='lat' dir='ltr'><strong>dixerunt</strong></span> <span class='ocrx_word' id='word_1_266' title='bbox 461 3358 589 3426; x_wconf 63' lang='lat' dir='ltr'><strong>antiqui!</strong></span> <span class='ocrx_word' id='word_1_267' title='bbox 625 3360 661 3411; x_wconf 89' lang='lat' dir='ltr'><strong>id.</strong></span> <span class='ocrx_word' id='word_1_268' title='bbox 680 3378 707 3427; x_wconf 89' lang='lat' dir='ltr'><strong>p.</strong></span> <span class='ocrx_word' id='word_1_269' title='bbox 721 3362 770 3413; x_wconf 87' lang='grc'><strong>110</strong></span> <span class='ocrx_word' id='word_1_270' title='bbox 787 3358 1036 3429; x_wconf 76' lang='lat' dir='ltr'><strong>u.&#39;&#39;iutsmpestam.</strong></span> 
     </span>
    </p>
   </div>
   <div class='ocr_carea' id='block_1_10' title="bbox 384 3480 806 3533">
    <p class='ocr_par' dir='ltr' id='par_1_10' title="bbox 384 3480 806 3533">
     <span class='ocr_line' id='line_1_28' title="bbox 384 3480 806 3533; baseline 0 -3"><span class='ocrx_word' id='word_1_271' title='bbox 384 3482 424 3532; x_wconf 91' lang='lat'><strong>10.</strong></span> <span class='ocrx_word' id='word_1_272' title='bbox 443 3480 479 3531; x_wconf 85' lang='lat' dir='ltr'><strong>el.</strong></span> <span class='ocrx_word' id='word_1_273' title='bbox 500 3480 586 3533; x_wconf 84' lang='lat' dir='ltr'><strong>Gaius</strong></span> <span class='ocrx_word' id='word_1_274' title='bbox 605 3480 672 3532; x_wconf 89' lang='lat' dir='ltr'><strong>Inst.</strong></span> <span class='ocrx_word' id='word_1_275' title='bbox 691 3481 730 3532; x_wconf 93' lang='lat' dir='ltr'><strong>IV</strong></span> <span class='ocrx_word' id='word_1_276' title='bbox 749 3482 806 3532; x_wconf 83' lang='lat'><strong>184.</strong></span> 
     </span>
    </p>
   </div>
   <div class='ocr_carea' id='block_1_11' title="bbox 317 3636 535 3647">
    <p class='ocr_par' dir='ltr' id='par_1_11' title="bbox 317 3636 535 3647">
     <span class='ocr_line' id='line_1_29' title="bbox 317 3636 535 3647; baseline 0 0"><span class='ocrx_word' id='word_1_277' title='bbox 317 3637 513 3647; x_wconf 73' lang='lat' dir='ltr'><strong>———-u-—-—·-—</strong></span> <span class='ocrx_word' id='word_1_278' title='bbox 530 3636 535 3647; x_wconf 72' lang='grc' dir='ltr'>ι</span> 
     </span>
    </p>
   </div>
   <div class='ocr_carea' id='block_1_12' title="bbox 275 3739 1527 4735">
    <p class='ocr_par' dir='ltr' id='par_1_12' title="bbox 275 3739 1527 4735">
     <span class='ocr_line' id='line_1_30' title="bbox 311 3739 1460 3817; baseline -0.004 -18"><span class='ocrx_word' id='word_1_279' title='bbox 311 3744 379 3799; x_wconf 81' lang='lat' dir='ltr'><strong>lieri</strong></span> <span class='ocrx_word' id='word_1_280' title='bbox 406 3758 485 3817; x_wconf 85' lang='lat' dir='ltr'><strong>quum</strong></span> <span class='ocrx_word' id='word_1_281' title='bbox 511 3748 642 3815; x_wconf 80' lang='lat' dir='ltr'><strong>perorant</strong></span> <span class='ocrx_word' id='word_1_282' title='bbox 669 3739 834 3796; x_wconf 79' lang='lat' dir='ltr'><strong>Germanus.</strong></span> <span class='ocrx_word' id='word_1_283' title='bbox 871 3740 1071 3797; x_wconf 83' lang='lat' dir='ltr'><strong>Coniecerum:</strong></span> <span class='ocrx_word' id='word_1_284' title='bbox 1097 3757 1187 3797; x_wconf 88' lang='lat' dir='ltr'><strong>corum</strong></span> <span class='ocrx_word' id='word_1_285' title='bbox 1214 3748 1370 3813; x_wconf 83' lang='lat' dir='ltr'><strong>perorante.</strong></span> <span class='ocrx_word' id='word_1_286' title='bbox 1399 3756 1460 3795; x_wconf 89' lang='lat' dir='ltr'><strong>eum</strong></span> 
     </span>
     <span class='ocr_line' id='line_1_31' title="bbox 315 3824 1527 3901; baseline -0.001 -18"><span class='ocrx_word' id='word_1_287' title='bbox 315 3859 355 3869; x_wconf 89' lang='lat'>—</span> <span class='ocrx_word' id='word_1_288' title='bbox 380 3832 537 3901; x_wconf 80' lang='lat' dir='ltr'><strong>praesentes</strong></span> <span class='ocrx_word' id='word_1_289' title='bbox 562 3824 708 3899; x_wconf 76' lang='lat' dir='ltr'><strong>Seelipero</strong></span> <span class='ocrx_word' id='word_1_290' title='bbox 730 3830 903 3897; x_wconf 80' lang='lat' dir='ltr'><strong>suspectum.</strong></span> <span class='ocrx_word' id='word_1_291' title='bbox 990 3825 1018 3881; x_wconf 93' lang='lat'><strong>8.</strong></span> <span class='ocrx_word' id='word_1_292' title='bbox 1041 3832 1106 3899; x_wconf 90' lang='lat' dir='ltr'><strong>post</strong></span> <span class='ocrx_word' id='word_1_293' title='bbox 1125 3842 1161 3879; x_wconf 90' lang='lat' dir='ltr'><strong>m.</strong></span> <span class='ocrx_word' id='word_1_294' title='bbox 1179 3854 1216 3865; x_wconf 90' lang='lat'>—</span> <span class='ocrx_word' id='word_1_295' title='bbox 1233 3825 1311 3881; x_wconf 85' lang='lat' dir='ltr'><strong>ambo</strong></span> <span class='ocrx_word' id='word_1_296' title='bbox 1332 3840 1461 3897; x_wconf 81' lang='lat' dir='ltr'><strong>praesen·</strong></span> <span class='ocrx_word' id='word_1_297' title='bbox 1523 3874 1527 3882; x_wconf 88' lang='lat'><strong>.</strong></span> 
     </span>
     <span class='ocr_line' id='line_1_32' title="bbox 315 3909 1459 3984; baseline -0.004 -15"><span class='ocrx_word' id='word_1_298' title='bbox 315 3922 357 3969; x_wconf 90' lang='lat' dir='ltr'><strong>tes</strong></span> <span class='ocrx_word' id='word_1_299' title='bbox 373 3928 424 3968; x_wconf 85' lang='lat' dir='ltr'><strong>ern.</strong></span> <span class='ocrx_word' id='word_1_300' title='bbox 447 3913 476 3967; x_wconf 82' lang='lat' dir='ltr'><strong>in</strong></span> <span class='ocrx_word' id='word_1_301' title='bbox 498 3926 552 3984; x_wconf 73' lang='lat' dir='ltr'><strong>nep.</strong></span> <span class='ocrx_word' id='word_1_302' title='bbox 569 3912 634 3968; x_wconf 87' lang='lat' dir='ltr'><strong>edd.</strong></span> <span class='ocrx_word' id='word_1_303' title='bbox 659 3909 736 3967; x_wconf 85' lang='lat' dir='ltr'><strong>Voss.</strong></span> <span class='ocrx_word' id='word_1_304' title='bbox 757 3912 822 3967; x_wconf 81' lang='lat' dir='ltr'><strong>mur&#39;.</strong></span> <span class='ocrx_word' id='word_1_305' title='bbox 875 3910 968 3966; x_wconf 85' lang='lat' dir='ltr'><strong>Verba</strong></span> <span class='ocrx_word' id='word_1_306' title='bbox 989 3910 1013 3965; x_wconf 90' lang='lat' dir='ltr'><strong>si</strong></span> <span class='ocrx_word' id='word_1_307' title='bbox 1037 3910 1116 3966; x_wconf 85' lang='lat' dir='ltr'><strong>ambo</strong></span> <span class='ocrx_word' id='word_1_308' title='bbox 1137 3917 1296 3984; x_wconf 83' lang='lat' dir='ltr'><strong>praesentes</strong></span> <span class='ocrx_word' id='word_1_309' title='bbox 1314 3923 1459 3979; x_wconf 84' lang='lat' dir='ltr'><strong>praeeun-</strong></span> 
     </span>
     <span class='ocr_line' id='line_1_33' title="bbox 313 3992 1461 4069; baseline -0.004 -14"><span class='ocrx_word' id='word_1_310' title='bbox 313 3998 390 4055; x_wconf 87' lang='lat' dir='ltr'><strong>tibus</strong></span> <span class='ocrx_word' id='word_1_311' title='bbox 407 3998 555 4069; x_wconf 81' lang='lat' dir='ltr'><strong>plerisque</strong></span> <span class='ocrx_word' id='word_1_312' title='bbox 576 4002 603 4052; x_wconf 93' lang='lat' dir='ltr'><strong>et</strong></span> <span class='ocrx_word' id='word_1_313' title='bbox 625 3996 709 4053; x_wconf 81' lang='lat' dir='ltr'><strong>Gellii</strong></span> <span class='ocrx_word' id='word_1_314' title='bbox 727 4001 755 4051; x_wconf 94' lang='lat' dir='ltr'><strong>et</strong></span> <span class='ocrx_word' id='word_1_315' title='bbox 774 3994 840 4051; x_wconf 87' lang='lat' dir='ltr'><strong>XII</strong></span> <span class='ocrx_word' id='word_1_316' title='bbox 857 3996 1013 4052; x_wconf 79' lang='lat' dir='ltr'><strong>editoribus</strong></span> <span class='ocrx_word' id='word_1_317' title='bbox 1032 3995 1144 4051; x_wconf 83' lang='lat' dir='ltr'><strong>inclusi.</strong></span> <span class='ocrx_word' id='word_1_318' title='bbox 1225 3994 1252 4050; x_wconf 87' lang='grc'><strong>9.</strong></span> <span class='ocrx_word' id='word_1_319' title='bbox 1282 3992 1325 4048; x_wconf 92' lang='lat' dir='ltr'><strong>sol</strong></span> <span class='ocrx_word' id='word_1_320' title='bbox 1346 4010 1461 4050; x_wconf 80' lang='lat' dir='ltr'><strong>occasus</strong></span> 
     </span>
     <span class='ocr_line' id='line_1_34' title="bbox 315 4078 1461 4158; baseline -0.005 -19"><span class='ocrx_word' id='word_1_321' title='bbox 315 4079 391 4158; x_wconf 92' lang='lat' dir='ltr'><strong>(solo</strong></span> <span class='ocrx_word' id='word_1_322' title='bbox 417 4081 470 4138; x_wconf 85' lang='lat' dir='ltr'><strong>eas&#39;</strong></span> <span class='ocrx_word' id='word_1_323' title='bbox 499 4081 577 4137; x_wconf 85' lang='lat' dir='ltr'><strong>Voss.</strong></span> <span class='ocrx_word' id='word_1_324' title='bbox 603 4080 686 4152; x_wconf 86' lang='lat' dir='ltr'><strong>mei.)</strong></span> <span class='ocrx_word' id='word_1_325' title='bbox 711 4080 832 4138; x_wconf 82' lang='lat' dir='ltr'><strong>Gellius:</strong></span> <span class='ocrx_word' id='word_1_326' title='bbox 859 4080 925 4137; x_wconf 89' lang='lat' dir='ltr'><strong>solis</strong></span> <span class='ocrx_word' id='word_1_327' title='bbox 953 4096 1068 4137; x_wconf 82' lang='lat' dir='ltr'><strong>occasus</strong></span> <span class='ocrx_word' id='word_1_328' title='bbox 1101 4079 1195 4135; x_wconf 82' lang='lat' dir='ltr'><strong>Varro</strong></span> <span class='ocrx_word' id='word_1_329' title='bbox 1222 4078 1366 4134; x_wconf 81' lang='lat' dir='ltr'><strong>Censorio.</strong></span> <span class='ocrx_word' id='word_1_330' title='bbox 1393 4078 1461 4134; x_wconf 86' lang='lat' dir='ltr'><strong>Ma-</strong></span> 
     </span>
     <span class='ocr_line' id='line_1_35' title="bbox 313 4161 1461 4241; baseline -0.004 -18"><span class='ocrx_word' id='word_1_331' title='bbox 313 4167 392 4224; x_wconf 88' lang='lat' dir='ltr'><strong>erob.</strong></span> <span class='ocrx_word' id='word_1_332' title='bbox 408 4167 513 4223; x_wconf 80' lang='lat' dir='ltr'><strong>Festus</strong></span> <span class='ocrx_word' id='word_1_333' title='bbox 533 4161 623 4241; x_wconf 82' lang='lat' dir='ltr'><strong>(apud</strong></span> <span class='ocrx_word' id='word_1_334' title='bbox 643 4181 726 4239; x_wconf 77' lang='lat' dir='ltr'><strong>quem</strong></span> <span class='ocrx_word' id='word_1_335' title='bbox 751 4165 883 4223; x_wconf 74' lang='lat' dir='ltr'><strong>‘occasus</strong></span> <span class='ocrx_word' id='word_1_336' title='bbox 906 4196 944 4205; x_wconf 93' lang='lat'><em>-</em></span> <span class='ocrx_word' id='word_1_337' title='bbox 966 4164 1067 4237; x_wconf 87' lang='lat' dir='ltr'><strong>supre&#39;</strong></span> <span class='ocrx_word' id='word_1_338' title='bbox 1088 4166 1166 4221; x_wconf 88' lang='lat' dir='ltr'><strong>deest</strong></span> <span class='ocrx_word' id='word_1_339' title='bbox 1185 4166 1215 4219; x_wconf 85' lang='lat' dir='ltr'><strong>in</strong></span> <span class='ocrx_word' id='word_1_340' title='bbox 1235 4163 1308 4239; x_wconf 85' lang='lat' dir='ltr'><strong>cod.)</strong></span> <span class='ocrx_word' id='word_1_341' title='bbox 1330 4161 1461 4235; x_wconf 76' lang='lat' dir='ltr'><strong>defendit</strong></span> 
     </span>
     <span class='ocr_line' id='line_1_36' title="bbox 314 4246 1461 4326; baseline -0.003 -19"><span class='ocrx_word' id='word_1_342' title='bbox 314 4253 462 4326; x_wconf 75' lang='lat' dir='ltr'><strong>Berytius</strong></span> <span class='ocrx_word' id='word_1_343' title='bbox 479 4256 679 4309; x_wconf 82' lang='lat' dir='ltr'><strong>nominativum</strong></span> <span class='ocrx_word' id='word_1_344' title='bbox 697 4252 861 4325; x_wconf 82' lang='lat' dir='ltr'><strong>intellepens</strong></span> <span class='ocrx_word' id='word_1_345' title='bbox 875 4248 942 4307; x_wconf 84' lang='lat' dir='ltr'><strong>Iud.</strong></span> <span class='ocrx_word' id='word_1_346' title='bbox 958 4248 1029 4304; x_wconf 82' lang='lat' dir='ltr'><strong>Hal.</strong></span> <span class='ocrx_word' id='word_1_347' title='bbox 1044 4255 1114 4305; x_wconf 82' lang='lat' dir='ltr'><strong>nest.</strong></span> <span class='ocrx_word' id='word_1_348' title='bbox 1132 4251 1210 4305; x_wconf 79' lang='lat'><strong><em>1860</em></strong></span> <span class='ocrx_word' id='word_1_349' title='bbox 1219 4264 1250 4319; x_wconf 81' lang='lat' dir='ltr'><strong>p.</strong></span> <span class='ocrx_word' id='word_1_350' title='bbox 1274 4246 1369 4305; x_wconf 83' lang='lat' dir='ltr'><strong>Vnot.</strong></span> <span class='ocrx_word' id='word_1_351' title='bbox 1389 4254 1416 4304; x_wconf 91' lang='lat' dir='ltr'><strong>et</strong></span> <span class='ocrx_word' id='word_1_352' title='bbox 1430 4251 1461 4304; x_wconf 85' lang='lat' dir='ltr'><strong>in</strong></span> 
     </span>
     <span class='ocr_line' id='line_1_37' title="bbox 314 4332 1460 4409; baseline -0.004 -16"><span class='ocrx_word' id='word_1_353' title='bbox 314 4336 457 4394; x_wconf 76' lang='lat' dir='ltr'><strong>Fleelreis</strong></span> <span class='ocrx_word' id='word_1_354' title='bbox 474 4338 547 4393; x_wconf 86' lang='lat' dir='ltr'><strong>Anu.</strong></span> <span class='ocrx_word' id='word_1_355' title='bbox 571 4344 589 4394; x_wconf 91' lang='lat' dir='ltr'><strong>t.</strong></span> <span class='ocrx_word' id='word_1_356' title='bbox 609 4340 648 4393; x_wconf 85' lang='grc'><strong>83</strong></span> <span class='ocrx_word' id='word_1_357' title='bbox 666 4354 696 4409; x_wconf 86' lang='lat' dir='ltr'><strong>p.</strong></span> <span class='ocrx_word' id='word_1_358' title='bbox 714 4340 772 4392; x_wconf 80' lang='lat'><strong>503</strong></span> <span class='ocrx_word' id='word_1_359' title='bbox 845 4334 911 4393; x_wconf 90' lang='lat' dir='ltr'><strong>solis</strong></span> <span class='ocrx_word' id='word_1_360' title='bbox 933 4350 1031 4391; x_wconf 87' lang='lat' dir='ltr'><strong>occusu</strong></span> <span class='ocrx_word' id='word_1_361' title='bbox 1052 4333 1105 4391; x_wconf 88' lang='lat' dir='ltr'><strong>dlel</strong></span> <span class='ocrx_word' id='word_1_362' title='bbox 1126 4333 1188 4389; x_wconf 88' lang='lat' dir='ltr'><strong>eod.</strong></span> <span class='ocrx_word' id='word_1_363' title='bbox 1209 4334 1291 4389; x_wconf 79' lang='lat' dir='ltr'><strong>Flor.</strong></span> <span class='ocrx_word' id='word_1_364' title='bbox 1319 4332 1460 4389; x_wconf 86' lang='lat' dir='ltr'><strong>Varronis</strong></span> 
     </span>
     <span class='ocr_line' id='line_1_38' title="bbox 322 4416 1459 4495; baseline -0.003 -18"><span class='ocrx_word' id='word_1_365' title='bbox 322 4420 384 4478; x_wconf 81' lang='lat' dir='ltr'><strong>VII</strong></span> <span class='ocrx_word' id='word_1_366' title='bbox 396 4426 433 4478; x_wconf 87' lang='lat'><strong>51</strong></span> <span class='ocrx_word' id='word_1_367' title='bbox 448 4421 513 4494; x_wconf 83' lang='lat' dir='ltr'><strong>(diei</strong></span> <span class='ocrx_word' id='word_1_368' title='bbox 529 4420 600 4495; x_wconf 82' lang='lat' dir='ltr'><strong>fort.</strong></span> <span class='ocrx_word' id='word_1_369' title='bbox 616 4437 655 4478; x_wconf 79' lang='lat' dir='ltr'><strong>err</strong></span> <span class='ocrx_word' id='word_1_370' title='bbox 676 4421 903 4491; x_wconf 81' lang='lat' dir='ltr'><strong>interpolatione.</strong></span> <span class='ocrx_word' id='word_1_371' title='bbox 933 4419 971 4475; x_wconf 90' lang='lat' dir='ltr'>In</span> <span class='ocrx_word' id='word_1_372' title='bbox 985 4419 1066 4475; x_wconf 82' lang='lat' dir='ltr'><strong>Festi</strong></span> <span class='ocrx_word' id='word_1_373' title='bbox 1079 4420 1139 4475; x_wconf 90' lang='lat' dir='ltr'><strong>loeo</strong></span> <span class='ocrx_word' id='word_1_374' title='bbox 1158 4421 1267 4474; x_wconf 86' lang='lat' dir='ltr'><strong>iniuria</strong></span> <span class='ocrx_word' id='word_1_375' title='bbox 1286 4416 1459 4491; x_wconf 78' lang='lat' dir='ltr'><strong>suppletur).</strong></span> 
     </span>
     <span class='ocr_line' id='line_1_39' title="bbox 316 4501 1461 4582; baseline -0.004 -19"><span class='ocrx_word' id='word_1_376' title='bbox 316 4502 429 4582; x_wconf 72' lang='lat' dir='ltr'><strong>suppinus</strong></span> <span class='ocrx_word' id='word_1_377' title='bbox 447 4506 519 4581; x_wconf 82' lang='lat' dir='ltr'><strong>Rep.</strong></span> <span class='ocrx_word' id='word_1_378' title='bbox 542 4506 620 4564; x_wconf 80' lang='lat' dir='ltr'><strong>Voss</strong></span> <span class='ocrx_word' id='word_1_379' title='bbox 637 4511 701 4565; x_wconf 87' lang='lat' dir='ltr'><strong>mei.</strong></span> <span class='ocrx_word' id='word_1_380' title='bbox 719 4504 836 4563; x_wconf 83' lang='lat' dir='ltr'><strong>SGerm.</strong></span> <span class='ocrx_word' id='word_1_381' title='bbox 866 4521 1012 4581; x_wconf 86' lang='lat' dir='ltr'><strong>supprema</strong></span> <span class='ocrx_word' id='word_1_382' title='bbox 1034 4503 1139 4560; x_wconf 78' lang='lat' dir='ltr'><strong>Christ.</strong></span> <span class='ocrx_word' id='word_1_383' title='bbox 1156 4505 1213 4559; x_wconf 82' lang='lat'><strong>597</strong></span> <span class='ocrx_word' id='word_1_384' title='bbox 1235 4501 1323 4575; x_wconf 80' lang='lat' dir='ltr'><strong>Mapl.</strong></span> <span class='ocrx_word' id='word_1_385' title='bbox 1359 4520 1461 4577; x_wconf 90' lang='lat' dir='ltr'><strong>suppre</strong></span> 
     </span>
     <span class='ocr_line' id='line_1_40' title="bbox 275 4584 1461 4667; baseline -0.005 -20"><span class='ocrx_word' id='word_1_386' title='bbox 275 4619 279 4627; x_wconf 90' lang='lat'><em>·</em></span> <span class='ocrx_word' id='word_1_387' title='bbox 316 4608 358 4648; x_wconf 85' lang='lat' dir='ltr'><strong>ms</strong></span> <span class='ocrx_word' id='word_1_388' title='bbox 374 4596 403 4649; x_wconf 73' lang='lat' dir='ltr'><strong>te</strong></span> <span class='ocrx_word' id='word_1_389' title='bbox 418 4592 483 4664; x_wconf 82' lang='lat' dir='ltr'><strong>(orn.</strong></span> <span class='ocrx_word' id='word_1_390' title='bbox 500 4592 602 4666; x_wconf 84' lang='lat' dir='ltr'><strong>pestes)</strong></span> <span class='ocrx_word' id='word_1_391' title='bbox 625 4592 702 4649; x_wconf 86' lang='lat' dir='ltr'><strong>Voss.</strong></span> <span class='ocrx_word' id='word_1_392' title='bbox 716 4595 783 4649; x_wconf 87' lang='lat' dir='ltr'><strong>min.</strong></span> <span class='ocrx_word' id='word_1_393' title='bbox 842 4592 921 4648; x_wconf 66' lang='lat' dir='ltr'><strong>esto!</strong></span> <span class='ocrx_word' id='word_1_394' title='bbox 936 4584 1005 4667; x_wconf 86' lang='lat' dir='ltr'><strong>Nos]</strong></span> <span class='ocrx_word' id='word_1_395' title='bbox 1023 4597 1065 4646; x_wconf 88' lang='lat' dir='ltr'><strong>est</strong></span> <span class='ocrx_word' id='word_1_396' title='bbox 1081 4587 1125 4660; x_wconf 66' lang='grc' dir='ltr'><strong>(ῲ</strong></span> <span class='ocrx_word' id='word_1_397' title='bbox 1140 4586 1186 4661; x_wconf 88' lang='lat' dir='ltr'><strong>R.)</strong></span> <span class='ocrx_word' id='word_1_398' title='bbox 1203 4604 1272 4645; x_wconf 89' lang='lat' dir='ltr'><strong>onos</strong></span> <span class='ocrx_word' id='word_1_399' title='bbox 1288 4588 1359 4661; x_wconf 81' lang='lat' dir='ltr'><strong>Rep.</strong></span> <span class='ocrx_word' id='word_1_400' title='bbox 1383 4588 1461 4645; x_wconf 85' lang='lat' dir='ltr'><strong>Voss.</strong></span> 
     </span>
     <span class='ocr_line' id='line_1_41' title="bbox 315 4694 381 4735; baseline 0.045 -3"><span class='ocrx_word' id='word_1_401' title='bbox 315 4694 381 4735; x_wconf 79' lang='lat' dir='ltr'><strong>mer.</strong></span> 
     </span>
    </p>
   </div>
   <div class='ocr_carea' id='block_1_13' title="bbox 0 0 1860 5634">
    <p class='ocr_par' dir='ltr' id='par_1_13' title="bbox 0 0 1860 5634">
     <span class='ocr_line' id='line_1_42' title="bbox 0 0 1860 5634; baseline 0 0"><span class='ocrx_word' id='word_1_402' title='bbox 0 0 1860 5634; x_wconf 95' lang='lat' dir='ltr'><strong> </strong></span> 
     </span>
    </p>
   </div>
  </div>
 </body>
</html>
