3709 5634
938 788 1034 852 6-9.

499 911 572 957 REM
594 911 653 957 VBl
675 908 826 969 Pncvnn,
851 906 980 954 Ounno.

499 1013 536 1058 NI
558 1011 710 1076 PACVM',
739 1011 776 1057 IN
803 1009 950 1057 conluto
973 1008 1042 1054 AVT
1068 1008 1106 1053 IN
1137 1007 1230 1055 Folio
1258 1006 1351 1053 ANTE
1379 1007 1557 1055 nmmum

416 1113 574 1162 CAVSSAM
596 1112 796 1160 COIGIVN'PO.
825 1111 898 1159 COM
917 1110 1127 1158 PEROBANTO
1148 1109 1247 1159 ΔΜΒΟ
1266 1107 1505 1161 PRAESENTES.

425 1410 429 1413 .
483 1374 560 1422 6-9.
578 1371 740 1422 Priscianus
752 1386 778 1435 p.
792 1370 843 1421 894
854 1369 886 1419 P.
898 1370 913 1420 I
929 1384 956 1434 p.
971 1370 1021 1419 523
1033 1383 1075 1432 aq.
1086 1368 1123 1419 Η.
1142 1366 1208 1419 ‘Sed
1220 1369 1328 1435 antiqui
1341 1372 1438 1434 ‘pago'
1451 1385 1560 1435 qnoque

415 1458 546 1508 dicebant
567 1472 615 1522 pro
633 1456 799 1521 ‘paciscor'
825 1454 923 1505 Cicero
941 1455 971 1503 iu
988 1454 1017 1505 11
1039 1453 1075 1504 ad
1091 1454 1277 1505 Herennium:
1298 1454 1388 1504 Pacta
1407 1458 1474 1504 aunt
1490 1471 1561 1520 quse

415 1542 526 1609 legibus
544 1540 719 1592 obseruanda
737 1544 802 1590 aunt
819 1540 872 1590 hoc
890 1539 969 1590 modo
987 1544 1070 1589 ‘rem
1086 1565 1122 1576 -
1139 1539 1291 1590 orationi
1308 1544 1457 1605 pagunt)
1480 1540 1561 1593 Rhet.

415 1627 451 1677 ad
469 1628 537 1677 Her.
549 1626 577 1677 II
591 1628 632 1688 13,
651 1627 684 1677 20
702 1624 804 1675 ‘Pacta
821 1629 884 1675 aunt
901 1650 936 1661 -
952 1624 1005 1675 hoc
1021 1624 1115 1676 modo:
1138 1630 1222 1676 ‘rem
1239 1625 1299 1676 ubi
1319 1626 1560 1691 paciscuntur,

415 1712 448 1762 in
472 1711 611 1763 comitio
634 1736 669 1747 -
692 1709 842 1761 cuicito.'
872 1710 927 1760 uid.
949 1710 1011 1761 Gai.
1030 1709 1052 1759 l.
1071 1710 1119 1760 cit.
1144 1709 1179 1760 ad
1196 1712 1222 1760 4.
1257 1709 1365 1761 Gellius
1382 1711 1513 1775 XV112,
1531 1715 1562 1763 10
1609 1740 1622 1765 ι

415 1797 500 1855 ‘Sole¹
519 1797 618 1861 inquit,
637 1810 746 1847 occaso.
776 1795 838 1846 Non
855 1796 969 1845 insuani
985 1799 1127 1847 uetustate
1146 1799 1204 1859 eat,
1221 1798 1248 1845 ai
1264 1796 1326 1861 quia
1344 1811 1442 1847 aurem
1458 1796 1563 1847 habeat

415 1898 471 1933 non
489 1880 626 1932 sordidam
644 1895 697 1931 nec
715 1879 917 1946 proculcatam
936 1880 966 1930 in
982 1878 1128 1931 duodecim
1146 1883 1238 1929 antem
1255 1879 1362 1930 tabulis
1378 1881 1497 1931 uerbum
1513 1881 1563 1931 hoc

415 1968 456 2018 ita
468 1966 602 2032 scriptum
614 1969 657 2017 est
669 1968 767 2015 ‘autc
782 1964 1015 2016 meridiem’...
1051 1965 1099 2028 (7.)
1117 1965 1221 2015 Nonius
1230 1980 1258 2029 p.
1270 1966 1321 2017 267
1333 1963 1457 2017 ‘coicere
1469 1982 1562 2031 agere.

414 2052 581 2102 Afranius
593 2050 754 2101 Materteris
767 2049 828 2111 (216
839 2047 936 2114 Ribb.)
948 2047 1092 2099 Causam
1105 2050 1243 2101 coicere
1259 2050 1359 2101 hodic
1371 2050 1412 2100 ad
1426 2056 1460 2102 te
1477 2052 1563 2102 uolo.

415 2135 542 2186 Arnbon
561 2134 710 2185 adeatis?
728 2132 928 2199 profuturos
948 2134 1118 2187 arbitror)
1143 2134 1416 2197 quinctilianua16‚
1430 2138 1462 2186 ll
1482 2138 1564 2187 ‘Nam

415 2236 476 2271 cnm
486 2220 516 2269 in
524 2220 576 2269 XII
585 2218 690 2270 tabulis
703 2218 873 2284 legeremus:
886 2219 938 2269 ‘ni
948 2219 998 2268 ita
1010 2223 1165 2284 pagnnt’,
1175 2220 1387 2271 inueniebamns
1398 2222 1491 2273 simile
1499 2223 1564 2274 huic

415 2304 562 2366 ‘cadunt’‚
587 2304 651 2354 inde
679 2304 767 2368 prima
790 2303 891 2369 positio
917 2304 1026 2353 etiarnsi
1045 2307 1187 2355 uetustate
1209 2304 1388 2369 aboleucrat,
1407 2308 1566 2373 apparebat

415 2392 511 2453 ‘pago’
530 2392 561 2438 nt
577 2388 669 2439 ‘cado‘
689 2398 752 2453 e.·q.
765 2404 787 2442 a.
823 2388 971 2438 Terentius
989 2386 1108 2438 Scaurus
1126 2388 1161 2439 de
1178 2388 1299 2455 orthogr.
1316 2406 1344 2456 p.
1357 2392 1426 2443 2263
1441 2392 1475 2442 P.
1494 2395 1565 2459 ‘Ego

417 2472 604 2524 contenderim
622 2474 711 2537 magia
735 2486 939 2538 superuacuam
956 2488 1018 2523 eaae
1037 2472 1059 2522 C
1077 2488 1159 2537 quam
1177 2473 1216 2534 K,
1240 2476 1370 2540 qnoniam
1387 2477 1414 2527 K
1436 2481 1469 2526 ut
1492 2478 1566 2543 apud

417 2558 541 2610 Graecos
559 2558 629 2608 satis
647 2559 703 2607 nim
725 2558 840 2608 litterae
863 2558 947 2608 etiam
966 2556 988 2606 0
1006 2558 1157 2623 exprimat3
1176 2558 1225 2609 aed
1248 2560 1382 2623 quosdam
1404 2560 1497 2627 figura
1518 2563 1566 2613 de-

417 2647 526 2708 ceptos,
547 2657 601 2707 qua
619 2657 674 2692 non
692 2641 781 2692 aolurn
799 2641 873 2707 apud
892 2658 956 2705 noa,
974 2657 1071 2692 uerum
1093 2643 1177 2693 etium
1197 2643 1269 2708 apud
1288 2646 1418 2711 antiquos
1442 2646 1567 2697 Graeco·

416 2744 475 2777 rum
493 2727 563 2777 haec
581 2726 677 2777 littera
694 2726 858 2788 notabatur,
882 2730 913 2776 nt
930 2730 1052 2777 testatur
1068 2726 1167 2778 foedus
1186 2728 1324 2779 Graeciae
1343 2764 1351 2779 .
1371 2766 1379 2781 .
1398 2768 1404 2779 .
1422 2732 1492 2782 item
1509 2734 1566 2784 XII

415 2812 539 2874 tabulae,
558 2812 608 2863 nbi
626 2815 669 2862 est
686 2811 732 2860 ‘ni
748 2814 888 2877 pagunt’
908 2808 936 2873 (l.
949 2811 1089 2876 pacunt)
1108 2812 1244 2878 perhanc
1256 2813 1385 2878 formam,
1404 2816 1479 2880 quod
1491 2818 1565 2868 male

417 2898 527 2962 quidam
545 2912 594 2962 per
611 2895 633 2946 O
652 2897 813 2946 enuntiant:
832 2899 876 2946 eat
893 2896 965 2946 enim
982 2897 1169 2963 praepositum
1187 2898 1247 2948 eins
1265 2898 1361 2965 pepigi
1378 2916 1396 2949 a
1413 2916 1516 2967 pungo,
1534 2908 1567 2952 nt

417 2988 502 3047 tango
525 2981 621 3046 tetigi,
643 2996 698 3031 non
720 2997 792 3047 paxo
815 2985 846 3031 ut
867 2998 885 3031 a
908 2980 971 3031 dico
994 2980 1072 3034 dixi!
1097 2977 1144 3046 (cf.
1168 2982 1340 3034 Schneiderru
1362 2985 1408 3039 Gr.
1426 2986 1445 3035 Ι
1465 3004 1495 3051 p.
1514 2991 1566 3037 271

417 3073 469 3116 not.
495 3066 635 3117 Gorsscnus
657 3068 689 3115 de
712 3066 807 3116 linunt
830 3064 902 3129 17.)
927 3065 1018 3116 Gloss.
1041 3066 1104 3117 Vat.
1128 3066 1183 3117 vu
1199 3083 1227 3133 p.
1245 3070 1296 3119 5⁷2
1318 3069 1378 3119 Μαί
1402 3074 1432 3121 et
1454 3072 1568 3123 Placidi

419 3151 464 3203 Gl.
477 3167 503 3215 p.
516 3153 567 3201 493
579 3152 616 3200 Μ.
636 3154 749 3215 ‘pacere
760 3150 889 3216 pacisci!
908 3148 998 3201 Gloaa.
1010 3150 1100 3203 Labb.
1113 3155 1206 3217 ‘paga
1220 3152 1264 3217 gia
1277 3150 1458 3217 mwideuua’
1494 3155 1568 3207 (ien-

503 3392 608 3450 6-9.
645 3392 683 3447 rei
700 3390 871 3463 Rutycrsius
900 3393 968 3448 Ver.
989 3391 1066 3447 leet.
1095 3391 1187 3449 1⁷16.
1213 3393 1367 3467 Kayserus
1392 3398 1433 3453 ud
1456 3396 1567 3471 Cernis.

413 3498 447 3551 p.
472 3481 538 3533 251.
628 3483 730 3550 pacunt
762 3481 885 3533 restatur
911 3477 1062 3533 Terentius
1093 3476 1239 3549 Securus,
1272 3484 1327 3536 etsi
1353 3491 1461 3556 pagunt
1489 3485 1569 3540 dedit

417 3562 587 3620 Paracletus:
608 3569 714 3634 pagunt
734 3560 901 3617 Priscianus
922 3569 949 3617 ct
970 3561 1054 3618 Risi.
1075 3563 1115 3617 ud
1134 3562 1316 3620 Herennium
1335 3567 1418 3623 codd.
1439 3569 1569 3641 interpo-

417 3650 470 3705 lcti
483 3648 659 3722 paciscuntur
678 3652 802 3717 utraque
820 3644 928 3717 familia
948 3653 1004 3718 epi.
1025 3647 1107 3705 codd.
1163 3656 1257 3712 orato,
1278 3651 1307 3705 ni
1322 3660 1430 3724 pagunt
1445 3655 1569 3710 Bosius:

419 3731 536 3791 orationi
557 3731 704 3803 (erectioni
725 3731 821 3787 Paris.
838 3730 890 3795 R„
913 3731 1050 3787 horationi
1065 3732 1231 3806 Bumberq.)
1252 3745 1357 3809 pagunt
1370 3738 1454 3803 codd.
1469 3738 1567 3795 Prisc.

418 3819 540 3890 indeque
561 3817 685 3872 oratione
700 3814 733 3886 (s.
750 3815 870 3873 oracioni
891 3831 914 3871 s.
933 3816 1095 3889 orationem)
1115 3825 1221 3892 pegunt
1239 3817 1273 3891 (s.
1290 3820 1384 3895 peng.)
1404 3822 1488 3879 codd.
1516 3825 1569 3879 uii-

419 3908 487 3975 quct
516 3903 672 3958 deteriores
697 3899 780 3956 nnec.
812 3901 851 3955 ad
875 3899 949 3955 Her.
976 3917 1030 3955 om.
1057 3903 1182 3960 melioris
1212 3910 1297 3961 uctce
1323 3920 1429 3963 omnes.
1467 3917 1568 3964 orento

419 3987 549 4057 Seclieer
566 3987 606 4040 ud
626 3985 740 4041 Festum
765 4002 789 4040 o.
808 3984 942 4040 Plorcre.
970 3992 1060 4041 ratuni
1085 4001 1110 4043 s.
1131 3995 1220 4044 ratorn
1241 3997 1301 4046 esto
1325 3991 1479 4047 Turnebus
1495 3993 1568 4049 Ado.

420 4074 529 4136 29,15.
559 4071 586 4124 ni
608 4070 644 4125 ita
666 4077 770 4143 pagunt
791 4067 924 4136 Quinctil.
947 4069 1081 4127 Cuiucins
1107 4073 1147 4127 cd
1167 4079 1187 4128 t.
1208 4071 1245 4128 1).
1264 4075 1301 4131 de
1317 4078 1425 4146 puetis.
1509 4080 1568 4135 coi·

420 4159 513 4211 ciunto
528 4155 634 4225 scripsi
647 4154 825 4226 Scaliyerum
839 4159 956 4209 secutus
970 4153 1032 4225 (qui
1045 4156 1214 4229 coniciuuto)
1228 4172 1267 4214 ee
1278 4162 1402 4232 vestiens
1412 4164 1496 4219 codd.
1508 4168 1568 4234 opt.

420 4240 504 4294 linei.
520 4238 559 4293 ud
569 4237 642 4294 Her.
656 4238 922 4310 (cs.Luc}rmcnnus
933 4240 973 4293 ud
981 4240 1068 4295 Lucr.
1079 4258 1111 4312 p.
1122 4244 1210 4308 136).·
1220 4246 1362 4301 coniciunt
1373 4244 1458 4302 Gellii
1466 4247 1569 4303 Pctuo.

421 4323 526 4381 Christ.
545 4322 704 4393 597Ma91.
719 4322 834 4379 SGerm.
858 4324 994 4379 conitiunt
1008 4324 1079 4398 Req.
1101 4326 1180 4385 Voss.
1192 4329 1258 4384 mci.
1270 4331 1338 4386 min.
1361 4331 1464 4387 coicitc
1479 4331 1568 4387 nnec.

420 4408 460 4462 cd
473 4405 547 4461 Her.
577 4406 643 4462 libri
656 4414 712 4477 opt.
729 4407 878 4479 Herbipol.
899 4408 997 4464 Puris.
1018 4408 1135 4482 Erfurt.
1155 4413 1195 4467 ui.
1224 4415 1344 4471 conicito
1363 4430 1387 4470 s.
1403 4417 1522 4473 conicito
1540 4432 1567 4471 s.

422 4490 550 4547 coniicito
565 4494 616 4545 cti.
639 4493 763 4548 conscitc
780 4492 862 4548 Gellii
875 4495 919 4549 ed.
935 4493 1040 4548 Aldina
1051 4497 1135 4566 prob.
1150 4513 1216 4552 cum
1231 4499 1296 4554 eliis
1314 4499 1466 4557 Huschlcio
1480 4501 1567 4557 Anci.

420 4576 472 4629 liu.
484 4590 517 4644 p.
536 4576 591 4628 186
606 4574 788 4633 duelcmcnuc
802 4579 842 4632 ud
856 4578 942 4634 Lucr.
963 4594 993 4648 p.
1007 4582 1074 4635 349.
1139 4598 1200 4637 com
1215 4592 1365 4656 perorante
1379 4586 1490 4656 scripsi
1501 4602 1567 4642 cum

421 4656 548 4729 Berykio
570 4655 631 4728 (sed
650 4661 673 4713 is
694 4660 820 4734 comque)
842 4660 916 4717 Mus.
938 4662 983 4717 rie.
1003 4663 1075 4733 picit.
1097 4664 1177 4721 XIX
1189 4684 1224 4738 p.
1248 4672 1324 4724 605.-
1351 4686 1413 4724 cunr
1434 4678 1568 4744 perorant
