3709 5634
426 653 487 717 100
841 664 954 711 onrvr
977 664 1154 723 ovnnrvu.

424 822 601 895 Muellerus
624 810 804 904 fecisti,
834 820 981 885 breviter
1006 821 1086 908 quid
1112 821 1160 886 rei
1186 822 1228 886 sit
1242 821 1391 887 indicans
1412 822 1456 887 ad
1471 822 1564 888 Pauli

424 929 569 1015 glossam
585 927 718 993 ‘Forma
732 924 829 989 huius
845 927 976 987 “escit”
993 932 1064 988 erat
1077 924 1171 991 verbi
1190 924 1370 991 inchoativi
1378 974 1388 1007 ‚
1405 925 1566 1011 significa-

424 1032 471 1095 tio
487 1030 614 1095 futuri?
637 1027 722 1093 Nam
738 1026 793 1115 qui
808 1026 949 1117 formam
964 1035 997 1090 et
1010 1026 1117 1112 ipsam
1132 1027 1235 1093 futuri
1250 1026 1393 1115 explicat
1409 1050 1451 1091 ex
1466 1027 1565 1113 ‘esjit'

424 1134 448 1199 i.
464 1156 492 1199 e.
508 1132 576 1199 skr.
593 1129 725 1217 ‘asyati’
740 1128 912 1193 oriundam
927 1128 969 1194 G.
984 1127 1117 1194 Curtius
1134 1129 1175 1195 de
1189 1140 1213 1196 t.
1231 1139 1264 1195 et
1277 1154 1321 1196 m.
1337 1152 1368 1217 p.
1387 1130 1448 1195 115
1463 1151 1525 1216 sq„
1548 1150 1568 1193 a

426 1237 587 1302 Corsseno
602 1230 764 1298 refellitur
778 1230 890 1319 Symb.
907 1232 979 1296 orit.
994 1254 1027 1319 p.
1043 1230 1086 1296 35
1101 1254 1186 1320 sqq.:
1204 1254 1276 1297 cum
1293 1234 1320 1323 sj
1339 1234 1374 1297 in
1390 1233 1419 1297 si
1434 1231 1579 1318 (niem’l

370 1366 372 1371 ·
409 1361 492 1405 ·non
507 1338 541 1401 in
557 1358 591 1402 sc
606 1335 748 1401 transire
764 1332 868 1401 soleat
882 1332 977 1399 latini
998 1335 1157 1401 sermonis
1177 1335 1265 1421 lege:
1291 1357 1375 1422 quae
1394 1334 1480 1401 ratio
1502 1332 1569 1398 iam

425 1441 503 1506 inde
518 1436 737 1527 improbanda
752 1446 833 1518 erat,
848 1434 937 1525 quod
951 1436 1055 1524 ipsius
1072 1461 1105 1503 v.
1125 1443 1220 1503 ‘escit’
1236 1437 1384 1504 futurum
1400 1437 1570 1516 formatur,

427 1544 454 1608 si
476 1564 542 1631 qua
556 1541 638 1607 fides
660 1549 711 1605 est
730 1539 826 1605 Pauli
847 1540 958 1605 verbis
979 1563 1012 1627 p.
1030 1539 1091 1604 188
1106 1545 1252 1606 ‘oberret
1270 1545 1364 1605 oberit
1381 1546 1427 1604 vel
1447 1543 1568 1603 aderit)

426 1646 496 1711 Nec
515 1646 620 1730 magis
642 1642 790 1733 Boppius
812 1640 997 1707 audiendus
1018 1651 1068 1707 est
1088 1642 1148 1708 Gr.
1169 1664 1275 1730 comp.
1291 1642 1345 1707 ΙΠ
1365 1666 1398 1731 p.
1416 1641 1495 1723 104,
1516 1641 1569 1727 qui

426 1750 462 1813 in
492 1748 620 1829 ‘escit’,
638 1750 823 1831 .‘gnosco',
857 1744 987 1811 ‘lexov’
1014 1747 1214 1823 ‘pruritum’
1247 1744 1448 1831 gutturalem
1478 1738 1569 1807 intel·

427 1854 517 1936 legat
542 1849 638 1936 quasi
664 1848 827 1935 quendam
854 1847 1025 1913 ‘comitem
1047 1847 1283 1934 euphonicum'
1305 1846 1434 1913 litterae
1456 1869 1472 1910 s
1494 1854 1527 1910 et
1545 1867 1569 1925 c,

426 1976 501 2019 cum
528 1951 617 2016 idem
643 1973 675 2037 p.
694 1948 755 2015 132
776 1972 824 2036 sq.
851 1948 917 2014 alia
942 1949 1133 2016 inchoativa
1159 1949 1337 2016 contendat
1362 1948 1478 2014 addita
1502 1949 1572 2035 ipsa

426 2057 535 2122 forma
550 2059 650 2119 ‘esso’
673 2074 699 2116 s.
716 2060 901 2139 antiquiore
935 2060 1023 2116 asco'
1046 2051 1157 2117 efficta
1177 2075 1265 2119 esse:
1293 2073 1377 2140 quae
1402 2052 1474 2115 iure
1499 2072 1571 2115 oon·

428 2158 562 2223 damnat
576 2155 705 2220 Pottius
717 2152 852 2235 Quaest.
865 2163 964 2241 etym.
979 2152 1016 2218 Π
1030 2177 1061 2241 p.
1073 2154 1136 2219 628
1151 2156 1203 2220 ed.
1215 2155 1245 2219 2.
1262 2154 1303 2219 cf.
1317 2154 1501 2221 Corssenus
1516 2151 1538 2215 l.
1550 2151 1569 2215 l.

428 2259 590 2323 Nimirum
607 2256 714 2322 ‘escit’
730 2256 862 2343 proprie
877 2266 928 2321 est
941 2256 1181 2322 inchoativum:
1204 2257 1256 2322 oui
1277 2258 1363 2343 quod
1378 2245 1482 2321 futuri
1502 2276 1572 2342 par·

429 2372 478 2427 tes
496 2360 671 2447 aliquando
687 2359 831 2431 tributae
846 2368 940 2440 sunt,
962 2380 1004 2423 ex
1019 2367 1109 2425 arcto
1125 2359 1256 2425 vinculo
1272 2379 1335 2446 quo
1356 2359 1507 2443 iungitur
1525 2356 1573 2420 fu·
1690 2431 1691 2438 ἵ

429 2464 495 2529 turi
510 2484 583 2527 cum
598 2460 775 2525 incohandi
790 2460 941 2546 notione,
963 2460 1204 2546 simplicissime
1225 2460 1424 2548 explicatur:
1451 2458 1574 2547 quade
1690 2503 1691 2522 .

430 2564 622 2651 cognatione
650 2561 754 2627 multa
774 2562 944 2647 ingeniose
965 2572 1002 2627 ut
1028 2560 1113 2628 solet
1133 2564 1261 2629 Pottius
1288 2566 1309 2628 l.
1332 2562 1353 2627 l.
1381 2562 1572 2648 disputavit

429 2667 562 2732 Veteris
579 2675 688 2731 autem
703 2664 828 2729 formae
843 2664 928 2730 ratio
947 2663 1108 2751 quaedam
1127 2665 1243 2732 habita
1262 2664 1396 2731 videtur
1420 2665 1454 2727 in
1477 2662 1573 2728 edicti

372 2800 375 2807 ·
430 2768 586 2857 praetorii
611 2766 721 2832 verbis
748 2768 817 2831 ‘cut'
844 2770 932 2831 lucres
960 2787 1019 2829 non
1044 2772 1206 2832 extabit’
1235 2766 1301 2855 (ap.
1329 2766 1520 2833 Ciceronem
1545 2788 1574 2852 p.

432 2872 563 2953 Quinot.
588 2869 637 2951 19,
658 2869 731 2957 60):
758 2868 1034 2956 quemadmodum
1054 2869 1214 2956 pristinae
1235 2868 1486 2955 significationis
1512 2890 1574 2931 me-

431 2974 569 3040 moriam
585 2970 732 3036 servavit
746 2970 800 3035 vel
822 2972 1031 3057 interpolatio
1045 3010 1088 3019 -
1101 2995 1179 3037 nam
1198 2972 1346 3059 profecto
1366 2970 1575 3057 interpolatio

431 3084 556 3141 estnec
571 3072 657 3161 quod
672 3071 798 3159 placuit
812 3072 1052 3159 Wesenbergio
1073 3072 1202 3139 librarii
1222 3096 1314 3139 error
1331 3112 1365 3122 -
1384 3072 1474 3161 apud
1489 3072 1575 3137 (lice-

432 3199 545 3263 ronem
560 3184 593 3240 et
608 3175 705 3241 Aust.
722 3173 766 3239 ad
779 3174 984 3240 Herennium
999 3180 1045 3239 ‘si
1058 3178 1196 3252 furiosus
1214 3198 1294 3251 asse
1307 3183 1461 3257 incipit'
1482 3184 1516 3240 et
1536 3179 1584 3238 ‘si'

429 3284 458 3357 s.
473 3286 572 3343 exist
577 3282 633 3343 et’

519 3482 663 3548 Omitti
684 3491 792 3548 autem
807 3482 1086 3571 praedicatum
1099 3485 1135 3549 in
1149 3494 1266 3551 neutra
1282 3486 1465 3551 sententiae
1486 3495 1577 3573 parte

434 3586 525 3651 licet:
549 3584 637 3673 quod
652 3606 755 3670 genus
772 3595 804 3651 et
820 3588 863 3653 ab
878 3587 966 3652 omni
981 3586 1090 3672 legum
1104 3586 1220 3654 habitu
1240 3597 1339 3676 atque
1360 3611 1424 3653 usu
1441 3597 1475 3653 et
1492 3612 1513 3653 a
1523 3611 1577 3653 na·

437 3690 507 3753 tiva
526 3686 656 3775 priscae
672 3687 789 3753 aetatis
805 3688 935 3754 dicendi
950 3691 1076 3754 ratione
1089 3690 1186 3754 nimis
1201 3699 1361 3758 remotum
1377 3700 1435 3757 est.
1464 3692 1578 3779 Itaque

437 3790 491 3855 III
507 3790 525 3855 7
542 3794 702 3855 ‘Adversus
716 3794 823 3856 Iroswm
839 3806 965 3857 aeterna
980 3799 1159 3857 uncwritus’
1180 3816 1200 3858 a
1215 3793 1286 3859 XII
1301 3803 1389 3860 certe
1405 3799 1500 3859 ‘esto’
1516 3815 1578 3859 non

435 3892 555 3959 abfuit.
578 3892 695 3957 Altera
710 3902 860 3980 exparte
876 3894 893 3959 I
909 3895 929 3959 9
949 3893 1026 3959 hino
1047 3894 1256 3981 potissimum
1276 3896 1425 3961 firmatur
1439 3897 1577 3983 suspitio

435 3995 620 4061 membrum
640 4000 683 4059 ‘si
702 4000 788 4060 ambo
801 4003 996 4077 praesentes'
1017 3996 1112 4084 plane
1133 3996 1214 4063 illud
1236 4021 1518 4087 supervacaneum
1537 3998 1578 4063 ab

435 4099 613 4184 interprete
627 4096 712 4162 male
726 4098 961 4185 interpolatum
976 4121 1057 4165 esse.

522 4301 673 4389 Denique
699 4305 999 4369 sententiarum
1024 4325 1129 4369 nexus
1155 4303 1190 4369 in
1211 4302 1284 4391 lege
1308 4317 1359 4372 est
1378 4305 1579 4394 simplicissi-

437 4424 525 4467 mus:
548 4425 633 4489 quae
647 4426 722 4469 oum
736 4405 806 4470 fere
827 4428 955 4493 semper
974 4428 1039 4471 uno
1061 4407 1229 4486 enuntiato
1250 4417 1284 4472 et
1304 4409 1528 4476 condicionem
1548 4420 1580 4475 et

438 4513 598 4570 statutum
618 4507 803 4573 continente
824 4508 1058 4574 absolvantur:
1086 4519 1156 4573 tum
1176 4508 1282 4574 sicubi
1307 4509 1418 4596 plures
1439 4512 1483 4576 ad
1507 4534 1579 4577 ean·

439 4605 513 4669 dem
540 4627 607 4669 rem
635 4608 793 4691 tendunt,
822 4609 948 4674 solutae
970 4631 1031 4674 nec
1056 4610 1124 4675 ulla
1149 4609 1267 4698 copula
1288 4612 1418 4678 iunctae
1444 4613 1580 4678 alteram

438 4705 543 4771 altera
564 4710 716 4797 excipere
737 4710 831 4777 solet.
861 4710 902 4774 cf.
921 4710 974 4775 ΙΙΙ
993 4712 1090 4777 2-4
1111 4717 1193 4777 ‘Post
1211 4719 1321 4779 deinde
1339 4734 1448 4780 montis
1465 4721 1580 4779 iniectio
