3709 5634
419 654 462 719 94
831 656 946 717 cucur
967 668 1145 730 starvn.

419 824 470 909 gis
487 830 596 888 autem
611 821 699 908 quod
720 846 751 887 v.
768 822 907 887 ‘farios'
928 822 963 886 in
984 823 1173 909 compositis
1196 823 1411 889 ‘multifarius
1420 830 1443 907 ',
1466 825 1565 891 ‘bifa-

418 926 515 989 riam'
532 933 594 990 etc.
611 946 631 989 a
650 924 751 990 fan'do
774 923 909 1011 quidam
931 933 1084 1009 repetunt
1098 964 1140 975 -
1155 924 1262 1013 qualis
1283 911 1437 1013 frequens
1460 937 1513 992 est
1532 929 1566 992 in

419 1027 590 1112 glossariis
605 1026 721 1091 harum
736 1048 855 1091 vocum
874 1027 1099 1112 interpretatio
1109 1027 1135 1112 1)
1153 1069 1195 1079 -
1208 1028 1244 1093 id
1265 1026 1366 1093 ullam
1385 1051 1429 1117 ex
1449 1029 1565 1095 horum

419 1130 596 1196 verborum
611 1127 850 1213 significatione
866 1136 899 1193 et
911 1150 974 1193 usu
989 1129 1307 1196 commendationem
1321 1129 1432 1196 habet.
1465 1132 1565 1196 Deni-

419 1254 481 1319 que
507 1230 601 1297 verbi
622 1228 759 1295 alicuius
783 1228 877 1295 latini
896 1231 1043 1296 radicem
1064 1231 1195 1297 adiecta
1214 1230 1347 1318 syllaba
1366 1233 1429 1296 ‘ri'
1451 1235 1565 1319 augeri

413 1332 507 1399 nullo
524 1333 654 1399 omnino
671 1332 820 1418 exemplo
837 1333 1079 1418 comprobatur.
1096 1332 1225 1413 Quibus
1241 1334 1339 1411 rebus
1356 1357 1394 1401 eo
1406 1334 1564 1418 adducor,

418 1445 455 1501 ut
475 1458 581 1502 novae
603 1434 738 1499 rationis
761 1432 944 1519 perieulum
964 1433 1154 1498 faciendum
1174 1444 1296 1521 putem.
1335 1436 1487 1523 Namque
1509 1446 1565 1502 aut

349 1536 350 1539 '
416 1559 550 1626 prorsus
565 1535 663 1602 fallor
678 1535 844 1600 antonius
860 1535 990 1599 litterae
1005 1536 1185 1606 mutatione
1201 1541 1403 1613 ‘satiatur’
1421 1537 1563 1604 scriben-

418 1639 495 1704 dum
516 1648 575 1704 est.
612 1636 709 1702 Hanc
730 1640 816 1702 enim
836 1636 978 1703 formam
1004 1637 1181 1723 aliquando
1205 1638 1354 1704 extitisse
1380 1640 1564 1706 certissime

418 1740 580 1808 evincitur
590 1742 739 1827 opposito
755 1738 1001 1803 ‘infitiandi'
1015 1739 1117 1805 verbo
1131 1762 1173 1804 ex
1186 1740 1386 1806 ‘infatiandi’
1396 1763 1457 1828 per
1466 1763 1564 1807 voea-

417 1843 497 1908 lium
511 1865 531 1907 a
546 1844 581 1907 in
596 1864 631 1924 e,
655 1864 672 1906 e
688 1841 750 1905 ini
771 1840 944 1905 transitum
964 1840 1092 1922 efficto,
1113 1841 1387 1928 quemadmodum
1407 1865 1450 1907 ex
1471 1849 1562 1907 ‘con-

416 1945 517 2012 iaci0'
534 1944 659 2010 factum
681 1952 731 2007 est
752 1942 935 2007 ‘coniecio'
951 1980 993 1989 —
1007 1942 1051 2006 cf.
1072 1940 1127 2029 lex
1147 1942 1289 2010 Servilia
1308 1943 1330 2008 l.
1346 1944 1389 2009 50
1408 1942 1450 2027 al.
1473 1943 1562 2031 apud

416 2046 663 2112 Lachmannum
679 2044 721 2109 ad
736 2044 834 2109 Lucr.
850 2068 881 2132 p.
903 2044 964 2108 128
981 2082 1018 2091 -
1035 2043 1154 2110 dehinc
1169 2046 1346 2128 ‘coniicio'‚
1362 2046 1507 2131 itemque
1522 2067 1562 2111 ex

366 2133 369 2139 ¹
416 2150 581 2234 ‘ad-ago'
603 2146 744 2231 ‘adego’
765 2134 800 2194 -’
818 2146 860 2211 cf.
878 2150 1030 2225 ‘attendat
1052 2148 1208 2225 ευνάγει
1228 2149 1483 2215 (υνελαύνεν
1507 2146 1560 2213 Gl.

414 2250 521 2316 Labb.
542 2287 576 2297 -
595 2259 665 2315 tum
681 2247 852 2333 ‘adigo'.²)
875 2247 986 2335 Atque
1000 2249 1036 2313 in
1050 2248 1191 2314 satiandi
1211 2267 1338 2336 quoque
1353 2250 1462 2315 verbo¹
1477 2249 1561 2337 prio-

415 2352 460 2416 ris
469 2352 551 2416 vicis
561 2360 673 2415 notam
685 2350 831 2415 servavit
843 2350 871 2413 ‘f
876 2372 894 2414 e
902 2350 1027 2414 tialis’
1040 2351 1129 2416 haud
1139 2349 1238 2416 dubie
1246 2352 1323 2416 inde
1334 2351 1559 2438 repetendum,

414 2476 481 2518 non
496 2475 516 2517 a
530 2452 596 2517 fide
612 2461 668 2517 aut
682 2452 815 2517 loedere
830 2490 872 2499 -
885 2453 972 2517 unde
987 2453 1093 2518 Varro
1108 2451 1213 2518 voluit
1228 2452 1249 2516 l.
1261 2452 1282 2517 l.
1295 2454 1327 2518 V
1343 2454 1384 2518 86
1400 2462 1434 2519 et
1449 2452 1559 2519 Gloss.

415 2554 483 2621 Mai
502 2554 572 2619 VII
591 2552 650 2619 561
681 2556 812 2631 ‘fetiales
836 2561 889 2632 qm·
912 2564 981 2617 onte
1002 2559 1153 2631 foedialcs
1177 2560 1275 2632 dicci’,
1302 2554 1389 2620 adde
1413 2554 1559 2621 Thomas

416 2658 515 2722 Thes.
530 2680 562 2743 p.
579 2656 643 2721 245
657 2656 700 2725 Μ,
723 2654 938 2720 Plutarchum
953 2655 1052 2720 Num.
1071 2658 1120 2721 12.
1143 2656 1269 2723 Camill.
1286 2658 1324 2722 18
1340 2667 1438 2744 atque
1454 2681 1497 2723 ex
1512 2682 1558 2723 re·

415 2758 966 2826 certioribusHuschkium'lncerti
980 2770 1065 2823 auct.
1082 2759 1335 2844 magistratuum
1350 2769 1382 2825 et
1396 2761 1557 2826 sacerdot.

417 2864 571 2948 expositi.
588 2862 676 2927 ined.
691 2885 724 2948 p.
742 2863 802 2927 133
825 2872 858 2928 et
873 2861 1112 2947 Goettlingium
1126 2861 1214 2927 Hist.
1235 2862 1374 2949 reipubl.
1389 2862 1429 2928 R.
1445 2887 1478 2951 p.
1498 2864 1558 2928 195

380 3022 381 3025 ,
413 2967 536 3029 117-
552 2986 657 3052 neque
680 2987 700 3028 a
714 2964 880 3047 feriendo,
903 2975 940 3029 ut
955 2964 1077 3028 Pardus
1099 2985 1141 3028 ex
1160 2964 1259 3031 Festo
1279 2988 1313 3051 p.
1329 2964 1381 3029 91.
1416 2965 1557 3031 Fetiales

411 3067 514 3152 igitur
525 3077 601 3133 sunt
615 3076 813 3134 oratores:
831 3088 912 3154 quos
925 3066 1025 3132 etiam
1039 3067 1150 3131 vocari
1162 3075 1332 3132 ‘oratores'
1344 3068 1451 3133 Varro
1462 3070 1557 3135 testis

412 3179 463 3240 est
483 3171 571 3258 apud
590 3170 732 3236 Nonium
752 3195 785 3258 p.
802 3172 865 3236 529
880 3170 939 3256 (cf.
955 3171 1073 3235 Festus
1088 3192 1121 3256 p.
1136 3170 1197 3233 182
1211 3194 1243 3235 v.
1261 3172 1438 3258 oratores);
1460 3181 1557 3259 atque

412 3272 528 3338 eodem
542 3272 660 3337 alludit
676 3272 891 3337 Ciceroniana
912 3272 967 3337 lex
983 3271 1023 3337 de
1038 3270 1100 3357 leg.
1118 3270 1152 3336 ΙΙ
1168 3272 1198 3355 9,
1215 3273 1255 3336 21
1277 3281 1367 3338 recte
1387 3295 1408 3337 a
1421 3272 1556 3339 Reiffer-

412 3372 556 3463 scheidio
571 3374 658 3439 Mus.
674 3376 765 3439 rhen.
781 3374 884 3439 XVII
898 3374 961 3438 291
977 3397 1025 3461 sq.
1041 3375 1090 3441 ita
1104 3374 1284 3439 constituta
1299 3380 1480 3441 ‘Foederum
1493 3399 1556 3457 pa-

411 3483 454 3540 cis
470 3478 565 3560 [belli]
582 3481 767 3540 indutiarum
782 3486 915 3541 oratores
927 3481 1049 3553 fetiales
1062 3489 1162 3555 sunto,
1185 3482 1300 3542 iudices
1313 3498 1373 3541 non
1386 3485 1495 3544 sunto?
1525 3481 1556 3545 A

410 3577 535 3643 ‘satior'
554 3585 663 3642 autem
680 3580 829 3664 proxime
851 3579 967 3644 abesse
983 3580 1113 3646 ‘fateor’
1136 3588 1287 3666 apparet:
1314 3580 1435 3667 quibus
1459 3582 1556 3647 tertia

410 3679 539 3745 accedit
554 3680 707 3745 formatio
723 3682 765 3745 ab
781 3679 895 3746 eadem
911 3682 1014 3768 stirpe
1028 3680 1177 3768 profecta
1190 3680 1300 3746 ‘lator’
1316 3705 1359 3748 ex
1373 3682 1469 3749 Pauli
1483 3707 1552 3750 exc.

478 3869 501 3937 ¹)
516 3872 552 3923 cf.
560 3872 649 3925 Gloss.
657 3872 716 3923 Mai
726 3872 764 3923 VI
774 3874 824 3923 506
837 3874 998 3936 ‘ambifarias
1008 3873 1126 3923 anthadus
1134 3874 1252 3939 portibus
1260 3877 1384 3939 loquerrs’,
1396 3876 1555 3939 ‘antifonis

409 3957 534 4023 dillapuia'
546 3958 641 4008 -sed
653 3959 702 4009 507
716 3958 860 4020 ‘amsariurrr
872 3958 990 4008 corbulus
1004 3959 1133 4023 partibar'
1145 3985 1178 3995 —
1190 3976 1216 4025 p.
1236 3961 1286 4011 534
1304 3961 1457 4024 ‘multifarie
1473 3965 1555 4014 multu

408 4044 587 4109 sermonibus’,
610 4044 664 4094 VII
681 4045 730 4095 569
754 4044 923 4105 ‘neulti'fariae
946 4046 1036 4094 rutilae
1056 4033 1176 4105 saeua&
1196 4042 1277 4110 (sie),
1296 4046 1449 4109 ‘multifaric
1472 4050 1553 4099 multis

408 4128 584 4188 incutiendus,
613 4132 652 4179 vel
672 4131 754 4179 multis
778 4129 919 4195 partitas&
949 4130 998 4180 552
1022 4130 1151 4193 ‘desumus
1177 4130 1317 4195 bilin'puir',
1344 4132 1395 4183 553
1418 4129 1552 4197 ‘bisarium

408 4212 537 4277 biformem
556 4215 688 4279 bilinguem
709 4216 855 4279 duplicem',
879 4214 946 4265 VIII
964 4217 1007 4265 66.
1025 4216 1066 4267 76.
1088 4215 1178 4269 Gloss.
1196 4214 1479 4283 Amplon.2‘18(2'17).
1508 4218 1551 4269 sl.

408 4298 533 4349 Hildebr.
555 4316 582 4365 p.
601 4301 642 4352 31.
666 4300 787 4351 Easdem
806 4300 950 4351 derivandi
972 4300 1093 4365 ineptias
1110 4302 1202 4367 prodit
1226 4302 1376 4367 explicatio
1394 4306 1471 4355 vocis
1490 4308 1551 4357 ‘ad-

406 4384 480 4446 fatim
502 4386 593 4448 optime
615 4387 735 4449 loquens’
757 4386 796 4435 VI
817 4388 875 4437 503.
899 4384 953 4437 VII
969 4387 1028 4437 551.
1056 4387 1171 4449 ‘affatim
1193 4389 1229 4437 ad
1250 4394 1403 4440 semronem'
1421 4392 1476 4443 VH
1493 4393 1550 4443 551.

409 4467 446 4517 cf.
464 4467 569 4518 Paulus
586 4469 655 4519 Exc.
676 4485 709 4519 ex
727 4471 812 4521 Festo
830 4487 856 4535 p.
877 4472 907 4521 ll
933 4471 1047 4535 ‘affatim
1070 4473 1161 4522 dictum
1179 4488 1197 4522 a
1215 4475 1291 4538 eopia
1307 4474 1419 4537 fatendi,
1436 4480 1489 4527 aive
1508 4476 1551 4527 ab·

323 4600 327 4605 .
408 4554 557 4603 undanter!

474 4634 497 4703 ²)
521 4636 688 4704 Comparare
707 4639 775 4691 licet
797 4642 879 4691 etiam
897 4641 1061 4692 Umbrorum
1084 4644 1169 4706 ‘fetu’
1193 4648 1222 4695 et
1245 4646 1337 4709 ‘seim’
1361 4647 1379 4699 i.
1400 4663 1423 4700 e.
1442 4648 1549 4698 ‘facim’

406 4722 484 4773 iuxta
502 4723 641 4789 ‘sacurem’
660 4731 811 4779 exaratum.
