3709 5634
388 628 426 690 16
511 689 525 727 s
816 638 930 688 curor
952 639 1101 690 enruvn.

267 785 274 799 '
382 806 460 859 tusae
476 799 617 859 uideatur
630 799 776 874 immune,
802 799 885 873 quod
897 799 936 858 ab
951 800 1069 858 iniuriis
1083 799 1292 862 lacessentibus
1305 799 1430 860 liberum
1446 801 1540 861 ouilia

385 904 531 962 maleum
551 900 735 961 contactibus
754 902 920 975 polluatur.
964 901 1066 962 Illuc
1093 903 1186 962 aciem
1208 908 1289 962 tuom
1306 905 1404 978 flecte.
1441 903 1540 963 Plura

384 1005 448 1064 illic
462 1020 541 1079 quoe
555 1003 707 1064 masters
721 1004 859 1076 irmarus,
874 1005 971 1077 muris
985 1007 1085 1064 oculos
1099 1009 1163 1064 tuos
1174 1005 1245 1064 iudo
1257 1005 1402 1065 deoatm
1426 1005 1539 1065 Iuci-

384 1123 449 1165 soe
468 1108 545 1166 siut
566 1108 661 1166 licet
680 1121 782 1178 eroes
802 1105 1001 1166 duodecim
1023 1106 1336 1183 tobullsctpublioe
1350 1125 1422 1170 aere
1434 1125 1538 1184 proe-

382 1211 448 1281 fixo
461 1210 535 1269 iuro
544 1210 738 1285 pruesmipto
752 1210 829 1268 stou·
850 1211 929 1269 iuter
950 1211 1029 1282 lepra
1049 1210 1131 1284 ipsos
1154 1209 1351 1289 delinquitur,
1375 1212 1454 1272 iuter
1465 1212 1540 1270 lura

384 1314 551 1386 peccatur?
593 1307 656 1372 His
685 1306 796 1372 verbis
822 1329 887 1372 non
909 1306 1063 1392 equidem
1084 1330 1156 1372 sum
1177 1311 1307 1376 nescius
1329 1309 1427 1376 fidem
1448 1330 1541 1372 nunc

290 1433 296 1454 ι
387 1409 490 1474 ferme
505 1409 678 1494 derogari,
704 1432 778 1474 oum
799 1407 924 1495 priores
945 1407 1021 1472 hinc
1036 1410 1181 1475 maxime
1208 1412 1273 1478 sibi
1290 1412 1541 1500 persuasissent

383 1512 485 1576 etiam
498 1512 596 1576 tertio
610 1534 643 1598 p.
660 1511 737 1576 Chr.
752 1509 883 1576 saeculo
898 1509 970 1574 XII
985 1510 1115 1576 tabulas
1130 1511 1254 1580 Romae
1274 1515 1309 1578 in
1327 1515 1401 1580 foro
1424 1512 1535 1578 fuisse

384 1613 546 1700 affixas.¹)
587 1614 737 1695 Quorum
761 1622 936 1698 utrumque
965 1621 1055 1677 caret
1084 1613 1205 1682 idonea
1233 1616 1534 1703 argumentatione.

385 1714 471 1785 Nam
491 1716 548 1803 qui
562 1716 628 1782 ista
643 1713 867 1781 tantummodo
883 1715 1045 1780 rhetorice
1060 1723 1093 1781 et
1108 1715 1249 1802 figurate
1264 1719 1330 1784 dici
1346 1726 1533 1799 autumant,

383 1826 422 1882 ut
443 1817 669 1903 Schweglerus
685 1817 729 1882 Η.
744 1816 785 1880 R.
800 1815 855 1881 ΙΠ
869 1839 902 1903 p.
913 1807 958 1882 ‘27
975 1841 1007 1882 n.
1024 1817 1135 1901 eslii,
1158 1829 1191 1885 et
1206 1820 1308 1886 totins
1324 1821 1388 1886 loci
1403 1819 1534 1886 ratione

295 1915 301 1924 ’
382 1918 579 1985 refelluntur
599 1929 633 1985 et
653 1920 687 1984 in
702 1917 816 2005 primis
831 1918 943 1984 verbis
959 1924 1045 1984 ‘illuc
1058 1927 1153 1985 aciem
1168 1934 1250 1986 tuom
1261 1930 1359 2002 flecte’
1376 1943 1460 2009 quae
1475 1943 1533 1986 ne-

383 2032 507 2108 queunt
526 2021 592 2086 nisi
612 2021 656 2088 ad
675 2031 802 2086 certum
816 2020 925 2086 forum
940 2022 1066 2087 referri.
1097 2023 1144 2089 At
1158 2023 1303 2089 indidem
1318 2033 1456 2112 apparet
1470 2023 1535 2088 hoc

383 2123 474 2188 nullo
495 2123 595 2190 modo
616 2122 764 2207 intellegi
781 2143 878 2209 posse
898 2123 1083 2190 Romanum
1103 2125 1229 2192 forum:
1259 2149 1364 2215 neque
1386 2126 1472 2192 enim
1488 2126 1534 2191 ad

383 2225 565 2307 Romanum
578 2225 744 2291 hominem
759 2225 839 2290 haec
853 2226 986 2310 scribit,
1008 2251 1082 2294 cum
1097 2228 1185 2315 apud
1199 2229 1308 2316 ipsum
1324 2229 1446 2294 morari
1462 2228 1532 2294 Do·

382 2336 496 2392 natum
511 2328 643 2394 evincat
657 2327 818 2416 epistulae
833 2326 982 2394 clausula
997 2353 1025 2396 c.
1044 2330 1085 2394 14
1104 2333 1270 2396 ‘moderari
1288 2343 1386 2396 tomcu
1402 2334 1534 2395 diceudo

386 2435 524 2495 dranus
542 2436 631 2513 simul
650 2437 744 2495 iuncti
762 2441 791 2496 et
803 2437 924 2510 saepius
938 2439 1078 2497 locuturi'
1087 2431 1113 2516 ²)
1128 2471 1172 2482 -·
1186 2456 1290 2520 neque
1306 2435 1444 2500 Romam
1459 2455 1532 2520 spe-

385 2532 469 2597 ctari
490 2531 662 2619 probabile
683 2542 749 2616 est,
776 2556 874 2619 quam
892 2535 1009 2599 urbem
1030 2557 1071 2600 ne
1092 2534 1215 2600 viderit
1229 2535 1362 2627 quidem
1377 2557 1533 2622 umquam

304 2625 308 2628 ⁴
383 2635 585 2721 Cyprianus:
610 2645 643 2701 et
663 2634 735 2722 quis
758 2635 794 2698 in
813 2634 1000 2701 hortatione
1020 2659 1062 2701 ex
1077 2637 1302 2702 remotissimis
1317 2659 1357 2702 ac
1370 2637 1467 2723 longe
1482 2658 1532 2701 re·

384 2737 497 2822 petitis
512 2737 617 2823 magis
632 2737 780 2804 hauserit
795 2746 990 2823 argumenta
1004 2760 1102 2824 quam
1118 2761 1160 2803 ex
1175 2739 1221 2803 eis
1233 2761 1317 2824 quae
1328 2751 1403 2806 ante
1414 2739 1533 2828 pedem

382 2839 514 2904 iacent?
545 2839 611 2906 Sed
630 2841 761 2906 omnino
782 2839 986 2928 Cyprianum
1006 2841 1041 2904 in
1061 2840 1208 2906 moribus
1224 2843 1346 2907 saeculi
1361 2841 1532 2928 exagitan-

382 2941 434 3006 dis
455 2941 776 3028 Carthaginiensium
795 2943 1005 3029 potissimnm
1024 2942 1185 3008 rationem
1205 2942 1327 3008 habere
1348 2954 1381 3010 et
1396 2965 1531 3033 cousen-

381 3052 515 3108 taneum
536 3054 587 3110 est
607 3055 639 3110 et
659 3044 757 3110 simili
777 3045 874 3109 buius
894 3045 986 3111 urbis
1007 3065 1133 3109 mamm
1149 3045 1237 3130 apud
1252 3045 1334 3112 alios
1350 3046 1530 3132 scriptores

383 3143 602 3232 descriptione
617 3147 806 3230 firmaturd)
829 3146 869 3210 In
884 3137 1225 3230 Carthaginiensi
1239 3147 1341 3232 igitur
1355 3147 1427 3214 foro
1440 3147 1531 3232 leges

381 3241 568 3335 propositas
589 3249 662 3314 istis
685 3249 797 3315 verbis
819 3248 989 3333 obsignari
1008 3237 1142 3313 necesse
1163 3257 1224 3314 est.
1267 3249 1336 3315 Nec
1356 3259 1466 3318 tamen
1479 3249 1530 3314 id·

381 3350 468 3415 circo
482 3351 549 3415 iam
564 3371 602 3416 eo
624 3372 684 3417 nos
707 3350 816 3437 abripi
835 3349 997 3437 patimur,
1024 3358 1062 3415 ut
1082 3359 1225 3416 erratum
1246 3373 1318 3417 esse
1339 3353 1374 3416 in
1393 3373 1529 3419 numero

381 3450 569 3517 tabularum
589 3475 665 3518 cum
685 3453 827 3538 Hugone
848 3461 1055 3541 statuamus..
1078 3453 1326 3540 Peropportune
1347 3454 1434 3534 enim
1456 3477 1532 3520 ecce

381 3551 533 3618 adfertur
550 3553 711 3636 silviani,
727 3554 783 3641 qui
796 3555 971 3641 presbyter
985 3553 1202 3622 Massihensis
1218 3557 1282 3622 fuit
1296 3555 1425 3622 saeculo
1437 3556 1531 3644 quin-

386 3694 585 3707 ..—.,...-..-.

447 3757 470 3826 ¹)
489 3760 572 3813 Hanc
589 3761 745 3828 opinionem
763 3762 865 3816 nothis
882 3763 1053 3829 temporibus
1072 3763 1107 3814 ab
1120 3763 1246 3829 Hugonis
1265 3763 1349 3828 (Hist.
1369 3765 1420 3819 inr.
1438 3781 1466 3831 p.
1483 3765 1531 3833 92)

378 3845 448 3922 telis
466 3846 616 3898 defendere
635 3847 741 3901 studuit
758 3847 971 3899 Kaemmererus
989 3848 1070 3902 Obss.
1090 3849 1139 3898 iur.
1159 3848 1213 3901 civ.
1231 3845 1320 3914 (Rost.
1340 3850 1420 3913 1827)
1439 3863 1465 3915 p.
1479 3852 1531 3901 192

380 3933 473 3987 -200.
507 3932 681 3983 Dubitanter
698 3933 759 3998 agit
776 3933 887 3984 Puchta
904 3934 971 3988 Inst.
989 3934 1001 3984 1
1020 3950 1046 3998 p.
1060 3935 1109 3984 192
1127 3934 1227 3984 ‘Wenn
1246 3949 1311 3984 man
1330 3934 1392 3984 eine
1410 3933 1530 3985 Aensse-

381 4032 451 4083 rung
463 4017 599 4083 Cypriane
612 4017 738 4068 utirtlioh
755 4018 886 4069 verstehn
903 4018 1005 4080 diirfte,
1025 4033 1055 4068 so
1067 4020 1160 4068 witren
1177 4019 1219 4070 sie
1237 4019 1309 4069 noch
1327 4019 1364 4068 im
1382 4016 1418 4070 ah
1429 4019 1529 4071 Jahrb.

382 4103 432 4152 ant
448 4103 509 4153 dem
526 4104 626 4154 Forum
645 4102 811 4169 ansgestellt
828 4118 966 4169 genesen.
1001 4104 1076 4154 Dass
1094 4102 1261 4166 sie-damula
1279 4103 1351 4154 noch
1370 4105 1531 4169 existirten,

380 4187 567 4240 istohnedies
585 4187 838 4241 uabrscheinlich.’
874 4188 911 4238 cf.
931 4186 1089 4243 Rudorftius
1109 4189 1143 4238 H.
1164 4188 1214 4238 inr.
1233 4203 1300 4240 rom.
1320 4189 1333 4239 1
1351 4205 1377 4254 p.
1398 4190 1456 4240 261.

447 4270 469 4337 ²)
488 4273 594 4325 Vereor
611 4278 703 4326 antem
722 4289 757 4324 ne
775 4273 857 4323 nimis
875 4287 963 4338 sagax
981 4273 1019 4322 sit
1037 4273 1226 4324 Kaemmereri
1244 4273 1337 4339 opinio
1355 4289 1381 4339 p.
1402 4275 1459 4337 198,
1479 4275 1530 4339 qui

381 4355 455 4421 quod
471 4373 535 4408 rure
553 4358 646 4409 datam
664 4357 813 4424 epistulam
834 4372 889 4407 non
908 4356 1081 4424 Carthagine
1098 4358 1160 4423 ipsa
1178 4362 1288 4408 constat
1302 4373 1345 4423 ⁸eu
1363 4359 1457 4424 capite
1481 4375 1530 4413 ex·

381 4446 483 4504 tremo,
506 4442 571 4493 inde
597 4442 710 4495 facilius
728 4443 880 4494 Romanum
904 4442 993 4492 iorum
1012 4444 1128 4509 agnosci
1150 4442 1219 4507 sibi,
1242 4458 1296 4494 non
1321 4443 1399 4508 aliis,
1422 4443 1530 4509 opinor,

379 4529 562 4592 persuaserit.

446 4611 470 4679 ¹³)
488 4613 525 4668 cf.
542 4614 659 4665 maxime
678 4631 703 4669 c.
721 4617 788 4667 6-8
806 4625 868 4666 cum
886 4610 1045 4664 Herodiano
1063 4614 1117 4665 VII
1135 4615 1151 4664 9
1170 4617 1198 4664 et
1210 4613 1343 4665 Salviano
1361 4628 1527 4680 quamquem

379 4698 542 4767 posterioris
560 4701 663 4764 aetatis
680 4700 814 4771 scriptore
833 4698 867 4750 de
887 4697 1009 4749 Gubern.
1027 4699 1082 4750 Dei
1100 4697 1119 4751 1.
1138 4698 1200 4755 VII.
