3709 5634
766 628 903 747 naevus
926 701 962 747 11.
1178 676 1184 693 '
1376 683 1436 749 121

741 854 877 918 ·3.

380 1006 437 1055 CVI
460 1005 700 1055 TESTIMONIVM
723 1006 912 1072 DEFVERI'F,
937 1006 968 1055 IS
991 1007 1127 1055 sununs
1150 1007 1278 1056 Dluuvs
1294 1007 1339 1056 OB
1355 1008 1437 1059 POR-

295 1109 367 1158 TVM
390 1107 652 1159 OBVAGVLATVM
673 1109 743 1159 ΙΤΟ.

291 1368 371 1434 'apud
387 1368 505 1419 maiores
523 1372 631 1419 nostros
649 1369 673 1419 is
690 1366 850 1432 dicebatur,
870 1383 950 1433 quem
968 1382 1040 1418 nunc
1058 1368 1234 1435 peregrinum
1245 1367 1373 1420 dicimus.
1391 1371 1438 1421 In·

294 1452 392 1505 dicant
404 1453 546 1504 duodecim
559 1452 672 1504 tabulae
686 1458 756 1505 ‘aut
769 1480 799 1489 —
814 1453 930 1503 hoste'
955 1452 1057 1504 Festus
1069 1470 1096 1518 p.
1109 1454 1160 1504 314
1171 1454 1210 1505 Μ.
1222 1451 1352 1505 ‘Status
1365 1452 1438 1506 dies

295 1537 370 1603 (curn
392 1536 483 1603 hoste)
508 1542 625 1589 uocatur
651 1539 697 1603 qui
720 1538 806 1589 iudici
829 1553 915 1589 causa
944 1541 986 1588 est
1008 1539 1175 1588 constitutus
1198 1552 1260 1587 cum
1281 1540 1448 1605 peregrino„

260 1606 267 1627 '
294 1625 365 1675 Eius
384 1623 455 1675 enim
474 1623 584 1687 generis
609 1623 643 1673 ab
663 1624 784 1689 antiquis
807 1620 901 1674 hostes
925 1622 1152 1688 appellabantur,
1180 1619 1253 1687 quod
1275 1626 1355 1673 erant
1376 1612 1439 1689 pari

294 1710 355 1759 iure
376 1724 436 1759 cum
454 1707 555 1773 populo
568 1708 691 1759 Romano
711 1712 794 1777 atque
812 1708 917 1759 hostire
930 1707 1085 1773 ponebatur
1097 1701 1146 1773 pro
1159 1711 1300 1773 aequare.'
1325 1709 1360 1759 cf.
1373 1708 1438 1760 Pla·

295 1792 353 1845 cidi
373 1794 416 1846 (il.
435 1811 461 1858 p.
473 1794 524 1844 436
535 1793 572 1843 M.
591 1810 617 1843 u.
636 1794 753 1859 agoniae
773 1832 780 1847 .
800 1831 805 1843 .
825 1792 952 1856 ‘Antiqui
971 1793 1057 1843 etiam
1074 1793 1235 1859 peregrinos
1253 1797 1282 1843 et
1299 1794 1361 1858 pari
1378 1792 1458 1846 iure'
1545 1810 1547 1814 ’

294 1880 426 1930 uiuentes
444 1878 538 1929 hostes
557 1878 708 1929 dicebant.’
743 1878 859 1929 Plautus
878 1876 958 1928 Ourc.
971 1878 985 1927 I
999 1880 1027 1942 1,
1045 1880 1063 1928 4
1080 1878 1117 1929 ‘si
1135 1876 1227 1929 media
1245 1894 1298 1929 nox
1317 1880 1439 1931 estsine

295 1968 340 2015 est
351 1963 576 2029 primauespera,
591 1962 626 2014 Si
638 1967 752 2014 status
767 1962 943 2014 condictus
957 1962 1138 2013 cnm-hoste
1150 1963 1341 2015 intercedit
1353 1964 1438 2025 din,

294 2050 402 2099 Tamen
413 2052 457 2099 est
467 2048 606 2099 eundum.’
619 2048 655 2098 cf.
667 2047 775 2099 Gellius
784 2048 816 2098 N.
827 2046 929 2097 AXVI
939 2048 964 2109 4,
974 2048 999 2101 4.
1028 2047 1065 2098 D.
1076 2049 1117 2112 50,
1128 2050 1169 2113 16,
1178 2050 1229 2099 234
1238 2064 1278 2115 pr.
1290 2048 1378 2100 Gaius
1386 2048 1439 2101 I.II

295 2133 331 2185 ad
349 2133 440 2199 legem
457 2133 511 2185 XII
529 2134 685 2184 tabularum
704 2132 858 2195 ...tQucs
875 2147 925 2183 nos
942 2131 1037 2183 hostes
1056 2132 1243 2199 appellamus,
1263 2149 1311 2185 eos
1328 2138 1439 2185 ueteres

294 2218 452 2285 perduelles
476 2218 671 2283 appellabant,
694 2234 744 2284 per
767 2233 828 2268 eam
852 2215 1036 2271 adiectionem
1057 2216 1229 2283 indicantes,
1253 2235 1316 2269 cum
1339 2219 1440 2284 quibus

293 2303 400 2356 bellum
413 2306 506 2354 esset’
540 2303 642 2355 Festus
655 2319 681 2369 p.
695 2305 745 2355 273
756 2302 794 2356 Μ.
813 2302 897 2353 ‘Reus
910 2318 983 2355 nnnc
997 2302 1100 2353 dicitur
1118 2306 1164 2369 qui
1182 2316 1296 2355 causam
1313 2304 1391 2369 dicit,
1411 2308 1439 2355 et

294 2390 364 2440 item
383 2389 430 2453 qui
450 2382 515 2452 qnid
531 2388 657 2453 promisit
675 2388 856 2454 spoponditue
874 2404 908 2439 ac
925 2387 1016 2439 debet.
1051 2386 1089 2438 At
1102 2388 1200 2440 Gallus
1212 2387 1310 2439 Aelius
1326 2388 1398 2439 libro
1410 2389 1439 2439 II

294 2470 532 2539 significationum
544 2473 694 2540 ¹uerborum
713 2488 786 2538 quae
804 2472 839 2524 ed
857 2474 899 2525 ius
916 2475 1061 2539 pertinent
1082 2475 1136 2524 ait:
1158 2478 1238 2526 ‘reus
1257 2474 1360 2539 estqui
1377 2489 1439 2524 cum

295 2559 387 2611 altero
404 2558 482 2609 litem
500 2562 686 2610 contestatam
703 2559 801 2624 babet,
820 2559 879 2611 siue
896 2560 921 2609 is
935 2559 992 2625 egit
1004 2559 1063 2610 siue
1077 2574 1139 2610 cum
1151 2574 1183 2611 eo
1196 2564 1290 2611 actum
1302 2548 1355 2611 est⁵
1369 2597 1376 2609 .
1390 2597 1397 2613 .
1411 2595 1417 2608 .
1432 2596 1438 2609 .

294 2644 333 2695 At
352 2642 451 2710 Capito
469 2642 568 2695 Ateius
585 2644 615 2694 in
633 2643 729 2696 eadem
747 2643 856 2709 quidem
874 2644 1003 2709 opinione
1022 2647 1078 2705 est,
1101 2644 1151 2695 sed
1175 2644 1300 2710 exemplo
1323 2643 1440 2695 adiuuat

294 2729 568 2795 interpretationem:
586 2729 676 2780 Numa
695 2729 775 2792 (Nam
797 2729 927 2780 Turnebus
946 2729 1015 2780 Ado.
1033 2732 1074 2788 17,
1092 2728 1120 2795 8)
1143 2730 1172 2779 in
1195 2729 1318 2781 secunda
1341 2727 1439 2779 tabula

294 2813 419 2866 secunda
436 2814 499 2881 lege
519 2813 591 2878 (fort.
611 2816 755 2879 tepentium:
777 2814 806 2864 in
830 2814 953 2865 secunda
974 2814 1032 2867 tab.
1050 2814 1105 2864 XII
1122 2813 1205 2881 legis)
1226 2812 1264 2879 [in
1282 2812 1349 2879 qua]
1371 2814 1438 2868 seri·

294 2905 374 2966 ptum
398 2903 453 2951 est:
478 2900 659 2962 ‘Quid...²
686 2900 740 2951 Hic
763 2904 877 2965 uterque
905 2902 984 2950 actor
1006 2912 1123 2964 reusque
1145 2901 1175 2949 in
1197 2900 1301 2950 iudicio
1327 2898 1370 2948 rei
1390 2914 1439 2948 uo·

296 2987 415 3036 cantur!
449 2985 484 3035 D.
501 2986 532 3049 2,
551 2987 595 3048 11,
615 2989 631 3037 3
648 2986 663 3047 ξ
682 2988 706 3035 2.
731 2983 867 3049 leianus
884 2984 902 3034 l.
921 2984 1036 3035 LXXIV
1054 2984 1089 3035 ad
1107 2985 1236 3036 edictum.
1252 2983 1300 3035 ‘Si
1318 2983 1379 3048 quin
1397 2983 1438 3032 in·

295 3071 371 3121 dicio
394 3084 424 3120 se
448 3070 509 3120 sisti
531 3070 690 3136 promiserit
712 3073 740 3120 et
761 3069 923 3121 ualetudine
945 3068 991 3119 uel
1014 3072 1180 3135 tempestate
1203 3067 1298 3121 uel'ui
1319 3067 1439 3124 fluminis

295 3154 452 3223 prohibitus
471 3170 501 3206 se
520 3155 617 3206 statere
635 3170 690 3207 non
707 3154 808 3220 possit,
828 3155 991 3219 exceptione
1004 3153 1151 3204 adiuuatur
1164 3191 1170 3203 .
1185 3191 1212 3207 ..
1232 3158 1261 3205 et
1277 3153 1341 3204 ideo
1354 3152 1439 3204 etiam

295 3242 342 3293 lex
360 3240 415 3290 XII
433 3238 601 3299 tabularum,
621 3240 646 3290 si
663 3239 746 3291 iudex
767 3239 815 3289 uel
838 3238 972 3289 alteruter
996 3255 1029 3289 ex
1041 3238 1237 3304 litigatoribus
1260 3238 1354 3290 morbo
1376 3252 1439 3288 son·

297 3328 353 3377 tico
366 3325 540 3391 impediatur,
552 3325 631 3387 iubet
643 3325 715 3377 diem
728 3324 824 3377 iudicii
838 3339 899 3375 esse
912 3324 1068 3376 diffissum.'
1104 3323 1140 3373 cf.
1153 3323 1217 3389 Dig.
1230 3326 1273 3387 42,
1287 3325 1310 3383 1,
1323 3325 1363 3375 60.
1392 3323 1439 3372 Iu·
1491 3337 1494 3341 ·

296 3412 389 3477 lianus
407 3410 426 3463 l.
445 3412 469 3462 V
487 3410 552 3475 Dig.
571 3410 745 3473 ‘Quaesitum
764 3414 818 3475 est,
839 3424 900 3461 eum
924 3408 996 3460 alter
1014 3425 1048 3459 ex
1065 3408 1253 3475 litigatoribus
1271 3408 1439 3459 febricitans

296 3496 474 3547 discessisset
491 3498 519 3545 et
536 3494 619 3545 iudex
637 3496 753 3547 absente
776 3511 808 3547 eo
831 3495 1052 3560 pronuntiasset,
1077 3509 1114 3544 an
1136 3493 1196 3544 iure
1217 3494 1358 3559 uideretur
1379 3510 1440 3559 pro-

297 3582 451 3633 nuntiasse.
480 3579 645 3646 Respondit:
664 3582 773 3632 morbus
790 3580 914 3633 sonticus
934 3580 1018 3631 etiam
1036 3579 1131 3630 inuitis
1149 3579 1340 3645 litigatoribus
1353 3578 1439 3629 aciu-

297 3666 361 3718 dice
379 3665 451 3717 diem
470 3664 583 3716 differt!

366 3789 391 3840 3.
409 3786 512 3836 Festus
529 3799 555 3851 p.
568 3786 617 3837 233
630 3786 667 3835 M.
686 3786 833 3837 ‘Portum
850 3785 879 3834 in
897 3784 951 3834 XII
969 3799 1018 3849 pro
1037 3783 1115 3834 domo
1133 3783 1254 3848 positum
1272 3798 1367 3851 omnes
1379 3784 1439 3835 fere

298 3871 475 3922 consentiunt
494 3870 564 3939 ‘cui
584 3907 590 3919 .
610 3873 628 3923 .'
666 3868 707 3925 Id.
726 3888 752 3935 p.
775 3870 825 3920 375
847 3870 884 3921 M.
903 3868 1066 3934 ‘Vagulatio
1093 3869 1123 3916 in
1146 3867 1164 3918 l.
1187 3867 1242 3917 XII
1265 3866 1440 3929 (tabularum

302 3958 363 4009 Vct.
377 3958 401 4005 1.
414 3953 443 4020 2)
462 3955 602 4020 significat
620 3954 808 4020 quaestIonem
821 3954 1023 4019 (questionemi
1042 3954 1209 4005 Mommsenus
1227 3954 1253 4002 in
1265 3954 1340 4003 usar.
1358 3954 1441 4019 antiq.

296 4043 418 4092 amentiae
432 4043 500 4091 1844
512 4058 539 4106 p.
554 4039 614 4104 466)
628 4056 688 4090 cum
702 4040 835 4091 conuitio:
855 4041 939 4089 ‘cui.
955 4043 973 4089 .’
1008 4036 1117 4089 Placidi
1130 4036 1172 4088 Gl.
1185 4053 1211 4102 p.
1224 4038 1274 4088 492
1286 4036 1322 4087 Μ.
1342 4038 1438 4088 ‘Pcr-

297 4130 366 4177 tum
389 4127 496 4176 domum
522 4126 568 4177 uel
590 4125 714 4189 ianuam,
739 4124 875 4176 interdum
897 4126 1015 4191 petitum
1037 4124 1067 4186 (t.
1089 4122 1224 4189 porticum
1243 4125 1274 4176 cl.
1294 4122 1337 4175 Gl.
1356 4122 1395 4173 VI
1412 4139 1440 4189 p.

297 4211 403 4263 56911.
421 4226 447 4260 u.
466 4208 576 4276 porta).’

384 4488 412 4545 3.
436 4488 479 4543 cui
495 4501 549 4545 om.
574 4486 662 4545 Velie.
680 4490 755 4542 1519
765 4504 797 4557 p.
816 4490 883 4557 375.
939 4485 1078 4558 delegerit
1099 4483 1162 4541 Vct.
1181 4487 1257 4539 2731
1271 4484 1327 4540 Ed.
1340 4487 1439 4555 princ.

298 4574 414 4630 Mediol.
426 4590 453 4628 a.
467 4576 551 4629 1510.
566 4572 684 4629 <tefuerit
696 4571 832 4644 ‹telegerit
852 4570 913 4627 Vct.
930 4573 1006 4625 1519
1020 4570 1056 4625 ib.
1112 4570 1155 4625 liis
1166 4569 1247 4625 Festi
1256 4570 1318 4625 eod.
1326 4585 1359 4639 p.
1375 4572 1438 4625 233.

298 4660 380 4715 certis
403 4656 465 4713 Vct.
482 4658 550 4723 duo,
566 4658 622 4715 Ed.
634 4661 730 4729 princ.
746 4674 776 4728 p.
794 4660 862 4713 375.
920 4657 1016 4729 potum
1035 4654 1217 4711 Victorianus
1245 4654 1281 4710 ib.
1346 4652 1440 4709 obnal-

299 4742 467 4816 gulationem
489 4742 544 4798 Ed.
557 4760 608 4816 pr.
