3709 5634
418 620 461 687 58
562 645 565 651 ·
838 634 950 685 csrvr
973 633 1137 685 reurrvu.
1219 647 1223 652 ·

419 801 510 861 situm
527 792 637 873 [sertim
659 802 746 857 noctu
760 796 881 870 pauisse
903 810 942 854 cc
965 797 1093 857 secuisse
1109 795 1220 871 puberi
1237 795 1309 855 XII
1325 794 1434 863 {obuiis
1453 798 1567 873 capitul

420 906 490 963 erut
502 914 734 977 suspensumque
750 898 853 959 Cereri
871 900 1003 959 necari
1021 898 1201 959 iubebunt
1217 900 1382 973 pravius
1402 914 1510 975 quum
1530 901 1565 959 iu

421 1004 623 1065 homicidio
648 1002 890 1067 convictum’:
916 1006 987 1062 tum
1008 995 1154 1061 dubitari
1179 1018 1247 1064 non
1272 997 1399 1084 patitur
1417 995 1567 1069 Salviaui

422 1102 640 1169 Massiliensis
662 1122 759 1187 quem
781 1120 889 1186 supra
900 1100 1068 1185 tetigimus
1089 1098 1179 1164 loous
1195 1096 1236 1163 de
1250 1098 1387 1183 gubern.
1401 1099 1468 1165 Dei
1483 1098 1571 1167 VIII

422 1212 502 1287 (non
516 1205 562 1295 V)
578 1204 612 1271 5:
631 1206 779 1279 ‘luterfici
791 1208 869 1267 cuim
884 1206 1089 1269 indemnatum
1102 1221 1307 1281 quemcunque
1320 1207 1465 1267 homiuem
1479 1208 1567 1267 etium

422 1314 493 1375 XII
509 1314 678 1373 tabidarum
700 1312 820 1371 decretu
840 1309 1016 1370 uetuerunt?
1054 1304 1162 1387 Quem
1182 1304 1291 1371 locum
1316 1328 1358 1371 ne
1383 1306 1568 1393 inspexisse

354 1418 356 1425 “
422 1413 555 1501 quidem
571 1410 726 1477 videntur
742 1407 965 1475 Gothofredus
982 1418 1014 1473 et
1029 1408 1229 1491 Dirksenus‚
1245 1430 1320 1474 oum
1334 1407 1388 1472 hie
1401 1407 1445 1473 ad
1460 1407 1567 1493 legem

422 1515 463 1581 de
477 1510 660 1602 privilegiis
675 1534 741 1577 non
756 1510 941 1595 irrogandis
952 1510 1020 1595 (IX
1032 1507 1065 1595 1)
1077 1509 1133 1576 ille
1149 1510 1192 1575 ad
1208 1533 1291 1593 eam,
1304 1532 1388 1598 quae
1403 1510 1445 1575 de
1461 1510 1569 1598 capite

421 1616 503 1684 civis
525 1615 590 1681 nisi
611 1614 802 1679 centuriatis
823 1613 963 1679 comitiis
984 1614 1095 1697 rogari
1120 1623 1212 1679 vetat
1232 1612 1299 1699 (IX
1318 1613 1371 1700 2),
1393 1613 1568 1678 revocarit.

421 1719 541 1807 Agitur
556 1718 642 1782 enim
657 1716 706 1783 ibi
722 1715 763 1780 de
779 1713 1097 1800 Carthaginiensium
1113 1716 1272 1781 adversus
1285 1715 1351 1781 Dei
1365 1736 1481 1781 servos
1496 1736 1568 1780 oru-

422 1819 570 1901 delitate‚
593 1841 674 1906 quos
695 1818 775 1883 dicit
796 1816 849 1883 vel
871 1818 1014 1883 occisum
1033 1817 1075 1881 iri
1097 1817 1139 1884 ab
1161 1816 1242 1898 illis,
1269 1819 1332 1882 nisi
1353 1816 1464 1884 obstet
1484 1816 1568 1902 legis

421 1922 570 1991 vetitum.
598 1926 844 1986 ‘Persecuiiouem
859 1925 915 1985 hoc
929 1925 1047 1999 quidem
1059 1924 1157 1998 fuisse
1170 1942 1230 1986 nou
1238 1931 1364 2001 puerei,
1380 1928 1453 2001 quia
1467 1938 1529 1985 uou
1542 1929 1571 1985 et

422 2032 514 2098 eccisi
526 2035 605 2089 suut
628 2026 774 2088 Latrones
788 2028 907 2103 quidun
922 2028 978 2089 tce
989 2028 1147 2103 prouerbii)
1161 2032 1206 2089 uie·
1218 2030 1326 2097 soient,
1342 2033 1375 2088 ui
1388 2028 1496 2101 quitus
1509 2043 1569 2088 uou

424 2132 572 2205 ausuum
585 2132 687 2204 vitum,
704 2131 821 2191 dedisse
835 2146 866 2191 se
881 2130 995 2191 dicuat.
1032 2129 1094 2189 Sed
1106 2133 1138 2190 iu
1152 2132 1226 2191 urhe
1245 2133 1300 2191 iiiu
1314 2145 1375 2191 uun
1388 2137 1452 2189 ium
1461 2130 1570 2193 ,uomi-

423 2251 493 2295 uum
505 2232 634 2307 suerunt
646 2233 721 2293 hoec
735 2232 877 2305 beneficia
892 2249 983 2307 quum
997 2235 1117 2306 lecum!
1146 2228 1263 2315 Itaque
1276 2227 1359 2293 nihil
1374 2237 1426 2293 est
1441 2226 1483 2295 de
1497 2226 1569 2312 lege

422 2333 458 2397 in
472 2331 585 2418 privos
602 2330 747 2395 homines
768 2330 853 2412 lato,
874 2328 958 2395 nihil
979 2330 1020 2395 de
1040 2352 1075 2397 re
1095 2330 1230 2417 capituli
1250 2329 1390 2399 comitiis
1410 2329 1569 2395 iudicata.
1691 2387 1692 2396 ,

423 2434 490 2501 Sed
511 2430 577 2497 illis
598 2432 709 2497 fraudi
726 2432 793 2499 tuit
813 2456 881 2499 vox
903 2437 1143 2499 ‘indemnatum’
1169 2433 1293 2519 pariter
1313 2442 1412 2519 atque
1433 2432 1569 2499 Ouiauo
1691 2439 1692 2504 t

397 2534 399 2541 ’
423 2535 566 2617 Obss.4p
580 2534 629 2615 12,
645 2536 702 2622 qui
717 2534 794 2599 inde
809 2536 978 2621 proprium
993 2534 1075 2621 legis
1089 2544 1302 2623 praeceptum
1314 2534 1433 2601 statuit
1445 2534 1570 2601 indem-

328 2649 331 2655 ’
423 2648 538 2705 natum
549 2636 891 2725 iuterficiquemquam
903 2660 969 2702 non
978 2636 1086 2703 licere.
1100 2636 1321 2705 Scilicethaao
1328 2660 1395 2705 vox
1405 2660 1472 2703 non
1478 2658 1570 2724 prae·

424 2740 523 2810 dicati
538 2739 610 2809 loco
626 2750 676 2807 est
690 2762 751 2805 neo
763 2762 836 2804 cum
847 2746 999 2818 ‘interfici'
1011 2740 1253 2825 coniungenda,
1265 2740 1323 2805 sed
1332 2739 1491 2813 adieetivi
1503 2740 1570 2804 vim

423 2843 525 2909 habet
535 2841 579 2907 ad
587 2847 756 2907 {homiuem'
768 2843 923 2929 appositi,
936 2852 974 2907 ut
985 2844 1029 2907 sit
1040 2843 1136 2929 quasi
1148 2843 1336 2927 ‘integrum’
1349 2850 1382 2908 et
1394 2841 1570 2909 ‘liberum’
1601 2867 1603 2869 ·

424 2945 584 3032 Apprime
598 2945 663 3011 huc
684 2944 826 3031 quadrat
840 2944 936 3011 Pauli
957 2967 1029 3011 exo.
1045 2967 1088 3011 ex
1100 2944 1200 3009 Festo
1215 2968 1247 3031 p.
1262 2945 1324 3009 221
1342 2969 1373 3009 v.
1386 2949 1571 3023 patrimi)
1690 2965 1691 2974 ¹

424 3057 595 3127 quuesurrcs
611 3095 618 3111 .
636 3096 670 3113 ..
710 3052 801 3111 ‘Num
817 3052 983 3127 parricide
1004 3067 1063 3111 uon
1084 3054 1184 3127 utique
1209 3054 1235 3112 is
1259 3054 1312 3127 qui
1330 3056 1491 3127 parentem
1517 3066 1571 3113 oc-

423 3155 555 3226 cidisset,
572 3155 739 3229 dicebatur,
754 3155 809 3215 sed
823 3156 1056 3229 qualemcunque
1070 3154 1216 3216 homiuem
1230 3142 1446 3214 indemnatum’
1457 3188 1500 3197 —-
1515 3148 1571 3214 ubi

340 3276 343 3283 ·
424 3274 507 3319 voce
522 3256 761 3317 ‘indemnatum'
777 3274 797 3317 a
811 3251 977 3339 plerisque
991 3273 1166 3338 perperam
1184 3252 1371 3339 improbata
1391 3249 1449 3334 (of.
1472 3251 1572 3317 etiam

424 3354 614 3421 Dirksenus
634 3376 666 3440 p.
688 3354 766 3440 617)
789 3376 831 3417 ne
851 3355 956 3419 careri
975 3352 1109 3440 quidem
1135 3374 1231 3440 posse
1251 3352 1428 3421 Muellerus
1449 3364 1571 3422 monet.

426 3456 540 3522 Oieero
562 3479 594 3542 p.
612 3456 696 3521 dom.
715 3456 765 3538 17,
787 3456 829 3523 43
851 3463 925 3535 ‘quo
945 3464 1026 3535 iure,
1047 3477 1105 3536 quo
1126 3477 1221 3533 neue,
1242 3477 1301 3535 que
1322 3463 1459 3536 exemplo
1478 3464 1573 3536 leuem
1689 3435 1690 3466 ³

425 3564 598 3623 nominatim
613 3563 650 3623 de
664 3564 762 3639 cupite
776 3565 848 3623 ciuis
862 3565 1027 3623 indemnati
1039 3567 1146 3626 tulistis
1152 3560 1179 3622 ,²²
1196 3560 1350 3627 in-Pison.
1366 3559 1416 3641 13,
1428 3559 1472 3624 30
1485 3566 1574 3639 ‘quae

426 3672 496 3726 eret
507 3672 615 3725 contre
628 3681 728 3725 omues
748 3669 828 3739 leues
848 3667 1015 3725 indemnati
1034 3669 1106 3726 eicis
1120 3676 1209 3740 utque
1223 3667 1334 3739 iuieari
1351 3667 1461 3740 cupitis
1480 3666 1573 3727 deuo-

424 3784 551 3842 rumuue
565 3768 726 3829 tribunicia
734 3771 929 3844 prescriptiu'
945 3764 988 3828 al.
1004 3763 1140 3829 Rectius
1157 3764 1258 3848 igitur
1272 3762 1429 3829 Pithoeus
1444 3762 1573 3830 Numae

425 3867 498 3953 lege
512 3866 603 3955 apud
617 3864 758 3931 Paulum
779 3866 813 3931 in
835 3889 931 3931 suum
951 3888 1047 3931 usum
1067 3888 1228 3932 conversa
1249 3864 1409 3931 eiusmodi
1428 3864 1573 3932 edietum

426 3968 543 4038 statuit
558 3976 674 4049 ‘siquis
687 3974 813 4033 liberum
828 3974 974 4033 homiuem
996 3974 1200 4035 indemnatum
1214 3974 1304 4036 morti
1317 3972 1397 4045 duit,
1413 3972 1575 4047 poricides

425 4080 512 4137 este?
528 4070 723 4158 Oppositum
738 4082 849 4137 autem
865 4071 1018 4158 estquod
1034 4070 1075 4135 de
1090 4070 1221 4137 homine
1236 4091 1330 4137 sacro
1345 4072 1403 4135 i.e.
1419 4068 1574 4135 damnate

425 4176 461 4241 in
476 4174 549 4259 loge
563 4174 743 4240 tribunicia
757 4173 866 4261 prima
881 4182 1013 4237 oautmn
1029 4182 1115 4237 erat:
1133 4180 1171 4238 ‘si
1185 4179 1251 4252 quis
1265 4192 1333 4237 eum
1347 4178 1400 4251 qui
1412 4191 1447 4237 ec
1458 4176 1574 4253 pidet

425 4283 498 4341 scitu
511 4296 599 4341 secer
612 4281 651 4341 sit
663 4282 818 4354 occiderit,
831 4280 993 4355 parricide
1008 4296 1046 4339 ue
1059 4282 1114 4339 sit'
1129 4275 1248 4341 Festus
1265 4298 1296 4361 p.
1312 4275 1386 4340 318.

511 4376 583 4443 lam
602 4399 680 4443 vero
698 4400 773 4443 cum
789 4375 937 4443 Salviani
958 4386 992 4443 et
1005 4376 1105 4441 Plinii
1125 4376 1321 4443 testimoniis
1343 4376 1384 4441 de
1405 4376 1574 4443 homicidii

427 4502 533 4568 poena
548 4477 621 4566 lege
638 4479 816 4547 constituta
832 4478 966 4544 tertium
978 4477 1111 4543 videtur
1126 4478 1382 4547 consociandum
1401 4478 1574 4565 Pomponii

425 4584 461 4649 in
475 4582 553 4667 Dig.
573 4585 601 4665 1,
617 4582 647 4665 2,
662 4582 683 4647 2
699 4586 719 4664 ξ
734 4582 775 4647 23
792 4589 833 4647 ‘ei
846 4586 930 4659 quie,
952 4590 985 4643 ut
1004 4584 1153 4659 diximus,
1173 4586 1212 4645 de
1230 4587 1329 4660 cupite
1349 4584 1573 4664 cicauomaui

425 4689 542 4749 iniussu
551 4690 659 4765 pupuli
672 4704 732 4749 acu
746 4694 814 4749 uui
825 4690 892 4763 leuc
908 4686 1087 4762 permissum
1101 4689 1147 4751 ius
1158 4687 1274 4761 dicere,
1288 4692 1455 4762 prepterea
1476 4702 1573 4763 uiue-
1686 4779 1687 4788 ἵ
