3709 5634
435 636 476 703 92
851 650 963 699 servu
986 651 1164 712 susurru.

437 816 523 875 dieit'
538 809 622 874 bene
636 806 781 874 illustret
800 807 907 892 ipsum
929 773 1051 891 agendi
1071 804 1218 894 modum3
1241 804 1405 890 signifieat
1425 804 1513 870 enim
1528 804 1577 868 ‘in

436 935 474 977 eo
490 913 559 977 vim
573 920 748 994 monstrat,
765 910 974 975 manifestam
993 907 1120 973 reddit'
1143 907 1248 995 (‘die·'
1267 908 1290 974 i.
1306 907 1461 991 1.δεικ-);
1485 930 1578 994 quem

435 1014 592 1101 loquendi
611 1036 708 1079 usum
728 1036 768 1078 ne
789 1014 823 1077 in
845 1010 1038 1077 vindicandi
1057 1011 1191 1096 quidem
1205 1011 1308 1076 verbo
1324 1033 1459 1097 prorsus
1481 1012 1577 1077 inter·

436 1127 600 1183 mortuum
623 1137 695 1180 esse
717 1113 817 1181 Gellii
841 1113 1020 1200 descriptio
1046 1112 1146 1177 fidem
1170 1113 1253 1177 feeit
1279 1135 1296 1176 e
1315 1121 1426 1178 vetere
1447 1121 1579 1177 auctore

436 1220 554 1283 hausta
574 1217 644 1281 XX
667 1217 723 1299 10,
745 1217 763 1281 7
790 1220 879 1279 ‘Num
908 1220 946 1281 de
965 1236 1026 1295 que
1044 1236 1078 1279 re
1104 1219 1288 1295 disceptatur
1314 1223 1346 1279 iu
1366 1222 1432 1279 iure
1459 1221 1507 1292 (iu
1532 1224 1578 1295 re)

433 1326 600 1401 praesenti,
616 1326 676 1384 siue
690 1340 765 1398 uper
779 1325 840 1384 siue
854 1322 928 1397 quid
942 1322 1030 1383 eliud
1041 1330 1098 1397 est,
1114 1338 1182 1382 eum
1197 1322 1374 1382 aduersario
1388 1325 1476 1382 simui
1490 1338 1580 1381 manu

432 1427 584 1503 prendere
598 1432 627 1485 et
647 1430 658 1487 i
663 1444 682 1485 u
697 1441 739 1485 ea
760 1442 800 1485 re
821 1425 1009 1485 sollemnibus
1023 1424 1118 1484 uerter
1132 1424 1302 1492 uindicare,
1319 1424 1409 1484 idest
1423 1424 1579 1486 uindicta?

437 1531 456 1609 ξ
473 1526 493 1590 9
508 1531 549 1589 ‘et
563 1530 598 1588 in
613 1545 654 1590 ea
668 1528 778 1603 uteie
795 1533 945 1602 tamquam
966 1530 1003 1587 iu
1024 1532 1100 1586 toto
1114 1542 1205 1600 aare
1219 1527 1432 1588 uindicarent?
1456 1521 1581 1587 Addita

437 1637 548 1693 autem
563 1634 607 1692 ‘iu
621 1634 708 1703 iure',
725 1648 808 1712 quae
823 1626 933 1690 neseio
948 1646 1006 1688 eur
1020 1618 1475 1689 inelusitMommsenusMus.
1491 1624 1580 1688 rhen.

436 1730 515 1817 phil.
531 1728 598 1795 XV
618 1750 649 1814 p.
666 1728 745 1810 464,
769 1749 834 1792 non
855 1727 961 1811 magis
981 1726 1024 1792 ab
1044 1727 1076 1790 h.
1093 1726 1115 1790 l.
1136 1727 1253 1792 abesse
1267 1749 1329 1814 per
1349 1738 1401 1793 est
1419 1748 1520 1813 quam
1540 1727 1580 1791 ab

437 1832 540 1897 altero
557 1831 597 1895 de
612 1829 765 1897 vindieiis
781 1838 957 1915 praecepto
979 1836 1023 1893 ‘si
1039 1830 1118 1912 [qur]
1134 1836 1248 1893 iniere
1269 1849 1389 1893 murium
1404 1836 1579 1893 conserunt'

436 1932 488 1997 VI
502 1934 533 1999 5.
556 1934 599 1997 ef.
612 1930 740 1999 Gellius
755 1930 776 1995 l.
786 1952 813 1995 1.
826 1932 845 1995 8
862 1935 1029 2010 ‘Correptio
1043 1952 1150 1995 manus
1164 1939 1196 1997 iu
1210 1954 1245 1997 re
1259 1943 1348 2011 etque
1362 1938 1394 1996 iu
1409 1938 1581 2013 11111111-

436 2043 512 2101 senti
526 2040 612 2115 apud
622 2048 791 2115 praetorem
806 2054 846 2097 ee
860 2036 931 2127 lig]
944 2037 1051 2097 tabidis
1061 2038 1175 2111 fiebat!

522 2138 674 2231 Denique
695 2136 795 2201 etiam
816 2140 967 2200 ‘secante'
991 2135 1107 2219 (1116)
1130 2136 1174 2200 ad
1195 2136 1333 2201 eandem
1352 2156 1581 2221 normamque

437 2244 584 2306 ‘vindicii'
610 2260 676 2304 non
702 2238 773 2301 sine
799 2238 907 2324 speeie
927 2236 1120 2301 Husehkius
1146 2238 1317 2303 revocavit
1343 2236 1384 2301 de
1409 2238 1481 2301 iure
1505 2236 1581 2301 nexi

437 2365 469 2427 p.
486 2342 572 2407 881.
590 2341 650 2405 119
667 2345 817 2404 ‘seeuuto’
833 2340 868 2403 in
882 2339 956 2423 lege
972 2340 1131 2426 scriptum
1145 2348 1247 2404 ratus.
1271 2339 1314 2404 cf.
1330 2339 1419 2405 idem
1434 2338 1476 2404 de
1491 2340 1580 2425 tigno

436 2444 547 2508 iuncto
562 2465 595 2529 p.
613 2442 698 2506 1911.
715 2442 766 2506 33.

522 2542 594 2609 Iam
609 2566 687 2610 vero
704 2543 792 2629 quod
808 2548 974 2609 ‘verberit'
991 2553 1024 2609 et
1044 2548 1198 2609 ‘vindicii’
1215 2544 1440 2610 eoniunetivos
1463 2545 1582 2609 iniuria

437 2646 597 2733 explicari
612 2646 771 2712 vidimus:
792 2646 992 2711 confidenter
1008 2646 1161 2711 addimus
1177 2647 1335 2712 omnino
1351 2647 1580 2713 coniuncti·

437 2772 527 2816 vum
548 2750 672 2814 etiam
693 2772 713 2812 a
732 2747 1090 2813 condicionalibus
1112 2750 1340 2817 enuntiatis
1369 2749 1508 2814 harum
1527 2748 1580 2813 le·

437 2868 525 2937 gum
548 2874 714 2939 prorsus
741 2849 915 2915 alienum
936 2851 1076 2936 esse¹);
1097 2852 1153 2937 qui
1174 2852 1280 2918 sicubi
1300 2846 1336 2916 in
1356 2853 1463 2937 legem
1483 2851 1579 2916 infer·

438 2965 507 3036 tur,
534 2963 593 3018 aut
621 2974 712 3018 error
738 2953 852 3017 subest
876 2962 933 3017 aut
960 2954 1152 3018 correctoris
1178 2952 1319 3019 lieentia.
1357 2956 1469 3041 Atque
1495 2952 1581 3039 apud

436 3057 573 3121 Festum
592 3078 623 3141 p.
647 3056 709 3121 376
726 3054 810 3141 (XII
824 3055 859 3143 4)
875 3076 917 3119 ne
936 3054 1085 3121 codicum
1099 3056 1231 3141 quidem
1246 3056 1311 3121 fide
1326 3056 1444 3121 nititur
1458 3062 1502 3121 ‘si
1516 3063 1583 3121 uelit

437 3166 480 3223 is'
502 3156 589 3245 quod
618 3178 691 3221 cum
712 3155 784 3221 aliis
804 3156 998 3221 Huschkius
1018 3159 1154 3223 retinuit
1174 3159 1241 3223 Iur.
1262 3168 1327 3223 ant.
1348 3182 1381 3245 p.
1396 3159 1438 3223 26
1458 3158 1582 3223 frustra

437 3267 563 3324 tutatus
585 3258 649 3324 Gai
669 3258 740 3325 loeo
762 3258 812 3323 IV
829 3258 890 3324 163
911 3282 967 3323 —:
990 3259 1049 3323 sed
1063 3259 1142 3325 libri
1156 3258 1211 3324 vel
1226 3266 1307 3325 ‘siue
1326 3266 1402 3325 litis’
1418 3269 1581 3325 testantur

437 3360 492 3426 vel
519 3361 717 3426 coniunctim
745 3367 917 3427 ‘siueiitis'2
944 3370 981 3426 ut
1008 3360 1090 3425 illud
1117 3384 1249 3427 servare
1275 3386 1354 3427 sane
1381 3364 1581 3428 tutissimum

438 3462 492 3527 sit.
524 3462 731 3549 Quamquam
750 3462 960 3529 vehementer
985 3463 1110 3529 arridet
1130 3464 1219 3550 quod
1240 3464 1278 3530 Ο.
1299 3464 1478 3530 Muellerus
1505 3464 1581 3529 inde

438 3564 547 3629 effecit
568 3572 669 3630 ‘sititis
685 3570 728 3642 (et
741 3570 970 3647 vindiciarum)'
985 3603 1026 3615 -
1042 3575 1191 3651 praestat
1206 3571 1309 3632 ‘sititis
1323 3572 1581 3648 (vindiciarum)':

438 3666 481 3731 ef.
501 3665 615 3733 Cicero
638 3668 673 3730 in
698 3667 791 3732 Verr.
816 3668 852 3733 II
869 3655 890 3733 '1
913 3670 972 3751 45,
997 3669 1058 3733 115
1081 3690 1110 3732 1.
1136 3668 1291 3735 Asconio·
1321 3669 1473 3735 Kellerus
1494 3691 1581 3757 proe.

438 3767 526 3834 civil.
544 3760 582 3855 p.
597 3769 639 3833 29
660 3792 692 3833 1.
710 3770 770 3834 108
795 3808 829 3817 —-
854 3775 873 3834 ‘.
892 3820 899 3835 .
918 3771 1076 3835 Curtium
1096 3781 1156 3835 tres
1177 3776 1280 3835 duto':
1302 3794 1361 3837 nee
1377 3782 1489 3837 tamen
1509 3794 1581 3858 pro·

436 3869 608 3937 bubilitate
624 3871 712 3937 omni
729 3872 918 3937 destituitur
925 3871 1050 3936 Ouieeii
1065 3884 1284 3939 commentum
1300 3874 1436 3941 Obss.V
1449 3874 1492 3957 21
1509 3882 1583 3939 ‘rei

436 3982 497 4039 sive
513 3980 584 4039 iitis’
600 3975 798 4059 reponentis.
822 3975 865 4039 cf.
881 3974 983 4040 Varro
998 3973 1020 4038 l.
1036 3974 1057 4039 l.
1073 3974 1143 4039 VH
1158 3977 1199 4041 93
1214 3982 1257 4041 ‘iu
1273 3982 1437 4042 actionibus
1451 3981 1582 4042 uidemus

436 4080 499 4141 diei
512 4080 626 4155 “quum
641 4097 704 4140 rem
718 4085 779 4141 siue
793 4086 835 4143 rui
847 4085 926 4143 litem
942 4083 1043 4142 eiicere
1056 4084 1204 4157 opertet.'’
1228 4077 1297 4147 cie.
1312 4103 1345 4167 p.
1358 4079 1444 4145 Mur.
1463 4080 1513 4162 12,
1528 4080 1579 4143 27.

522 4178 569 4242 At
597 4179 701 4262 magis
731 4180 766 4242 in
795 4200 927 4244 censum
956 4181 1048 4244 venit
1081 4179 1123 4270 11.
1152 4179 1247 4250 VIII
1266 4181 1309 4245 22
1339 4186 1414 4258 ‘eui
1440 4202 1473 4246 se
1500 4189 1583 4246 sterit

437 4286 577 4344 testarier
595 4284 772 4360 libripeusue
797 4284 908 4360 suerit,
941 4290 974 4346 ui
1001 4289 1195 4347 testimouium
1221 4287 1412 4366 ferietur,
1440 4288 1581 4364 inprobus

437 4384 668 4459 intestabilisque
679 4392 761 4447 esto.'
779 4383 819 4447 In
833 4383 936 4464 verbo
945 4386 1117 4461 ‘ferietur’,
1125 4385 1218 4450 euius
1231 4387 1321 4453 notio
1332 4386 1508 4473 perspicua
1519 4395 1578 4466 est,

437 4480 542 4547 forma
557 4482 712 4567 obseura,
729 4486 1006 4571 mirumquantum
1026 4488 1194 4572 expatiata
1216 4496 1266 4552 est
1285 4487 1432 4575 priorum
1454 4488 1579 4553 critico·

505 4706 526 4773 ¹)
546 4709 582 4760 ef.
602 4708 688 4761 etiam
707 4709 739 4761 Ο.
757 4708 907 4762 Muellerus
925 4709 1026 4775 Seript.
1046 4710 1111 4765 min.
1130 4711 1221 4763 13⁷9.
