3709 5634
397 644 437 708 12
716 716 718 719 .
824 658 936 706 csrvr
958 657 1106 705 ramim.

395 813 596 880 incunabula
620 813 701 878 iuris
725 812 807 877 nihil
836 811 1061 878 morabantur.
1103 811 1201 877 Unde
1230 810 1330 877 ICtus
1352 813 1441 899 apud
1462 812 1537 879 Gel-

396 915 477 982 lium
489 914 578 982 XVI
595 916 644 997 10,
660 917 679 980 'l
701 916 742 980 de
757 937 836 983 voce
852 919 1057 994 ‘proletarius’
1073 923 1207 998 rogatus
1223 921 1290 992 ‘eoo
1304 921 1395 988 oero’,
1418 917 1537 1003 inquit,

396 1024 510 1090 ‘tinere
524 1031 612 1097 atque
626 1009 823 1098 interpretari
834 1022 891 1082 hoo
904 1021 1097 1093 acheronti
1109 1022 1156 1080 ins
1169 1020 1344 1082 Faunorum
1358 1030 1388 1082 et
1402 1023 1538 1098 Aboripi-

396 1142 467 1194 nom
482 1121 701 1209 didicissem'.¹)
731 1121 842 1207 Atque
855 1142 919 1206 quo
936 1120 1079 1186 evaserit
1092 1119 1156 1185 iste
1170 1128 1386 1207 contemptus,
1403 1121 1485 1186 satis
1501 1141 1540 1184 ea

346 1269 358 1280 .
395 1223 544 1288 indicant
558 1245 640 1309 quse
656 1245 699 1287 ex
712 1215 886 1310 Pomponii
896 1260 939 1272 -
950 1222 1006 1309 qui
1021 1221 1107 1287 vixit
1120 1222 1364 1288 Antoninorum
1379 1231 1487 1288 aetate
1498 1259 1541 1272 -

396 1324 582 1390 enchiridio.
612 1325 653 1390 de
684 1325 813 1410 origine
842 1325 923 1388 iuris
955 1323 1106 1410 exposita
1131 1325 1166 1388 in
1198 1323 1346 1414 Digestis
1374 1323 1538 1410 leguntur,

396 1428 494 1515 plena
514 1426 572 1490 illa
590 1428 749 1493 vitiorum
769 1437 802 1492 et
816 1425 1116 1514 perturbationis.²)
1146 1426 1235 1491 Hinc·
1253 1436 1363 1492 autem
1383 1449 1539 1513 saepenu-

398 1552 489 1596 mero
509 1529 647 1612 accidit,
667 1538 705 1594 ut
724 1551 800 1595 cum
818 1529 891 1614 lege
905 1567 947 1575 —
963 1529 1055 1593 cuius
1075 1529 1178 1594 ferme
1198 1552 1264 1596 non
1284 1528 1321 1594 fit
1336 1529 1459 1595 mentio
1475 1530 1540 1594 nisi

396 1631 432 1695 in
446 1631 517 1696 iure
532 1633 705 1696 etiamtum
719 1631 858 1718 probato
873 1668 917 1678 -
931 1629 977 1714 id,
993 1631 1081 1717 quod
1095 1632 1275 1718 posteriore
1287 1631 1419 1696 demum
1431 1641 1540 1698 aetate

395 1755 438 1798 ex
451 1735 732 1820 interpretatione
756 1733 968 1819 prudentium
993 1734 1149 1816 accessit,
1175 1733 1411 1800 confundatur:
1442 1757 1540 1820 quam

394 1835 680 1922 reprehensionem
693 1858 735 1899 ne
750 1835 855 1900 Gaius
871 1835 1021 1922 quidem,
1042 1835 1097 1922 qui
1111 1833 1311 1921 peculiarem
1324 1834 1447 1902 librum
1462 1836 1540 1901 scri-

396 1938 464 2024 psit
484 1937 528 2002 ad
547 1935 655 2022 legem
674 1935 746 2001 XII
766 1935 972 2020 tabularum,
999 1937 1087 2003 omni
1108 1959 1150 2002 ex
1169 1946 1264 2024 parte
1284 1939 1412 2005 vitavit.
1454 1937 1540 2004 Nam

395 2061 480 2126 quae
494 2061 515 2104 a
530 2037 688 2104 Cicerone
701 2037 833 2104 disertis
849 2040 961 2105 verbis
978 2037 1211 2124 disiungtmtur
1225 2062 1257 2126 p.
1274 2039 1416 2106 Caecina
1432 2041 1483 2123 19,
1498 2041 1542 2107 54

396 2146 474 2206 ‘Lex
487 2161 572 2206 nuent
586 2151 616 2206 et
628 2146 834 2206 auctoritatem
846 2145 942 2219 fandi
954 2145 1034 2206 iubet
1046 2161 1109 2206 esse
1123 2146 1291 2206 biennium:
1313 2153 1347 2206 ot
1360 2149 1473 2208 utimur
1486 2165 1540 2209 eo-

396 2249 464 2308 dem
487 2250 555 2308 inre
580 2250 612 2308 in
637 2248 761 2307 aenon
786 2250 916 2323 quaein
938 2251 1002 2321 ieoe
1022 2251 1305 2323 nonuppettontnr'
1327 2253 1360 2310 et
1380 2245 1539 2332 in'I'opi-

395 2345 443 2409 cis
457 2345 496 2425 4,
516 2345 558 2410 23
585 2349 743 2421 ‘Orientem
763 2367 834 2410 orsus
854 2351 1019 2411 ouetmitos
1030 2349 1126 2422 fundi
1143 2349 1292 2410 biennium
1311 2359 1367 2425 est,
1393 2353 1432 2412 sit
1451 2355 1541 2412 etiam

396 2451 534 2512 aeotam:
556 2459 589 2510 at
609 2453 640 2511 in
661 2454 726 2526 leae
749 2452 841 2513 aedes
854 2467 914 2511 non
928 2454 1123 2528 appellantur
1136 2459 1166 2512 et
1178 2459 1425 2514 sunteeterarum
1438 2471 1541 2514 rerum

396 2555 527 2614 omnium
541 2569 670 2628 quornm
684 2570 803 2614 annuns
816 2561 861 2614 est
873 2556 969 2614 nsua':
983 2548 1099 2614 eadem
1113 2549 1225 2615 turbat
1239 2549 1342 2616 Gaius
1358 2550 1439 2617 Inst.
1451 2551 1488 2618 Π
1497 2553 1541 2617 42

396 2656 574 2732 ‘tUsneupio
588 2660 702 2733 onem)
716 2657 865 2732 notitiam
879 2657 998 2732 quidem
1012 2672 1115 2716 rerum
1129 2672 1210 2716 anno
1229 2660 1405 2732 completur,
1425 2657 1543 2731 fundi

396 2775 484 2819 vero
502 2759 705 2820 et'oeetinm
725 2759 857 2818 biennio:
878 2765 908 2819 et
926 2761 969 2819 ito
989 2761 1053 2832 leue
1067 2757 1139 2818 XII
1154 2748 1325 2820 tabulornm
1339 2769 1460 2821 contum
1473 2767 1539 2822 est’

397 2856 486 2938 Quin
506 2879 616 2923 secum
630 2859 701 2944 ipse
716 2866 837 2939 certat,
853 2879 927 2922 cum
941 2856 1139 2925 furtivarum
1154 2879 1262 2921 rerum
1278 2867 1311 2922 et
1324 2859 1359 2923 vi
1373 2880 1540 2944 possessa-

395 2982 469 3023 rum
489 2961 722 3046 usucapionem
742 2981 801 3046 per
822 2958 928 3044 legem
947 2958 1019 3024 XII
1039 2959 1227 3025 tabularum
1248 2959 1446 3046 prohibitam
1467 2983 1542 3027 esse

396 3070 522 3127 statuat
536 3061 644 3127 1149:
665 3084 741 3127 nam
760 3063 958 3129 furtivarum
978 3070 1105 3126 tantum
1125 3070 1291 3126 aeternam
1311 3063 1540 3130 auctoritatem

396 3162 451 3228 lex
466 3163 537 3230 XII
558 3186 631 3229 esse
653 3163 773 3247 voluit,
798 3165 833 3231 vi
853 3179 1079 3252 possessarum
1098 3161 1153 3227 lex
1173 3161 1258 3228 Iulia
1277 3173 1310 3228 et
1330 3165 1475 3246 Plautia,
1503 3176 1541 3231 ut

396 3265 552 3330 doeemur
573 3270 605 3348 ἓ.
625 3265 683 3350 453
714 3287 812 3352 quam
840 3264 1083 3352 neglegentiam
1106 3287 1223 3351 parum
1250 3275 1326 3352 apte
1351 3267 1539 3340 Dirksenus

398 3364 546 3451 (Fragm.
562 3365 633 3431 XII
647 3368 738 3432 tabb.
755 3390 787 3454 p.
805 3367 884 3452 592)
898 3369 976 3434 inde
996 3378 1150 3450 excusat,
1173 3367 1262 3454 quod
1283 3378 1391 3435 aetate
1414 3369 1539 3434 decem·

398 3467 507 3533 virum
530 3467 676 3534 violenta
699 3470 864 3555 possessio
889 3469 933 3534 ad
958 3471 1083 3535 furtum
1110 3469 1263 3536 videatur
1291 3469 1397 3535 relata
1425 3472 1538 3537 fuisse.

397 3569 525 3636 Similia
540 3569 628 3655 apud
648 3579 772 3635 ceteros
795 3593 858 3636 usu
879 3573 1026 3638 veniunt.
1049 3577 1101 3636 Ita
1111 3572 1201 3659 quod
1212 3570 1346 3636 Paullus
1358 3557 1448 3637 Sent.
1460 3572 1510 3638 IV
1520 3574 1540 3639 8

398 3670 530 3756 (Collat.
545 3671 632 3736 XVI
642 3672 674 3755 3,
690 3672 725 3757 3)
741 3671 783 3736 de
797 3672 942 3758 legitimo
957 3673 1115 3740 heredum
1130 3674 1244 3740 ordine
1259 3683 1352 3740 notat
1366 3680 1451 3739 ‘sune
1464 3695 1541 3740 con-

396 3781 576 3859 sanguineos
588 3781 641 3838 len
654 3795 713 3838 non
728 3779 974 3854 adprehenderat
979 3803 991 3850 ,·
1010 3783 1252 3858 interpretatione
1262 3782 1457 3856 prudentium
1468 3785 1541 3857 pri-

271 3878 275 3884 ’
395 3896 475 3939 mum
495 3882 572 3940 inter
592 3888 718 3954 nonunt
736 3884 833 3942 Ionam
853 3885 1059 3958 acceperunt.-
1086 3879 1237 3944 videmus
1257 3878 1359 3944 nihilo
1380 3880 1482 3944 setius
1498 3881 1541 3946 ab

396 3978 538 4065 Ulpiano
554 3979 609 4044 Fr.
626 3979 776 4044 XXVII
793 3977 925 4063 (Collat.
942 3979 1027 4045 XVI
1038 3979 1071 4061 4,
1090 3981 1121 4066 1)
1138 3981 1396 4064 consanguineos
1412 4005 1542 4070 quoque

396 4077 463 4164 legi
488 4081 602 4147 tribui.
645 4081 715 4146 Nec
740 4080 891 4167 profecto
921 4105 996 4149 cum
1020 4082 1107 4147 idem
1131 4081 1294 4169 Ulpianus
1316 4082 1358 4146 fr.
1381 4083 1487 4149 ΧΠῖ
1508 4094 1542 4151 et

389 4319 394 4336 .
465 4284 485 4350 ¹)
504 4287 541 4340 cf.
560 4288 623 4339 Sex.
643 4286 784 4338 Caecilius
806 4286 891 4339 Ictus
908 4289 1048 4340 Favorino
1071 4289 1234 4370 philosopho
1258 4289 1412 4342 collocutus
1435 4291 1472 4342 tb.
1490 4292 1541 4342 XX

398 4377 422 4431 1,
474 4389 487 4424 s
508 4412 515 4426 .
1437 4377 1441 4386 “

440 4376 585 4522 5²)qHanc
606 4461 694 4508 totam
716 4459 907 4522 quaestionem
929 4460 1033 4525 optime
1056 4461 1241 4526 pertractavit
1258 4461 1414 4512 Dirksenus
1432 4462 1544 4513 ‘Ueber

396 4543 441 4593 die
460 4541 566 4608 Spnreu
583 4543 680 4594 histor.
697 4543 792 4593 Kritik
808 4544 865 4594 und
883 4545 1023 4608 antiquar.
1042 4545 1205 4612 Forschung
1222 4547 1251 4596 in
1269 4547 1322 4597 den
1335 4545 1476 4597 Schriften
1493 4546 1542 4598 der

395 4629 463 4683 rtim.
474 4628 609 4680 Juristen’
627 4628 657 4678 in
674 4628 745 4680 libro
758 4629 909 4681 ‘Versuehe
922 4645 946 4682 z.
959 4629 1052 4682 Krttik
1064 4647 1091 4680 u.
1106 4631 1264 4699 Auslsgnng
1277 4631 1326 4682 der
1338 4635 1406 4687 riim.
1419 4631 1535 4684 Rechts-

397 4711 519 4779 quellen’
537 4729 563 4782 p.
582 4716 632 4765 203
651 4729 690 4781 sq.
