3709 5634
164 266 309 657 Ῐ
768 636 906 684 saevus
929 637 961 683 v.
1376 625 1436 690 127

848 790 877 854 3.

377 921 436 969 vul
458 920 627 971 LEGASSI'I
650 922 760 971 svrutt
783 922 934 971 PECVNIA
958 925 1140 973 'I'VTELAVE
1164 927 1252 975 SVAE
1274 928 1349 993 REI,
1378 930 1435 977 1un

296 1024 349 1072 IVS
372 1024 470 1073 ESTO.

360 1227 384 1275 3.
404 1223 515 1289 leian.
530 1223 563 1277 fr.
576 1224 617 1275 XI
631 1225 662 1273 14
681 1223 873 1276 ‘Testamenta
888 1240 995 1291 quaque
1008 1228 1170 1278 nominatim
1182 1232 1288 1281 tutores
1301 1228 1360 1281 dati
1372 1246 1437 1282 con·

293 1306 433 1359 firmantur
452 1307 549 1359 eadem
567 1308 630 1373 lege
649 1307 792 1359 duodecim
810 1310 969 1361 tabularum
992 1311 1036 1361 his
1053 1312 1148 1363 uerbis
1166 1314 1230 1363 ‘uti
1249 1351 1255 1364 .
1276 1352 1282 1364 .
1302 1319 1320 1363 .’
1350 1314 1437 1366 Gaius

292 1392 358 1442 Inst.
376 1392 406 1443 II
423 1395 473 1443 224
492 1391 559 1443 ‘Sed
578 1392 642 1444 olim
661 1392 769 1458 quidem
786 1394 891 1445 licebat
908 1400 996 1446 totum
1014 1398 1208 1462 patrimonium
1230 1398 1334 1464 legatis
1353 1404 1435 1465 atque

291 1475 467 1529 libertatibus
487 1494 603 1545 erogare
622 1494 673 1529 nec
693 1480 839 1545 quicquam
857 1480 953 1531 heredi
966 1480 1122 1546 relinquere
1136 1487 1339 1548 praeterquam
1353 1484 1436 1533 inane

254 1602 258 1609 .
291 1576 389 1613 nomen
407 1562 531 1625 heredis3
550 1562 632 1627 idque
652 1562 697 1614 lex
715 1564 768 1613 XII
786 1564 943 1615 tabularum
961 1567 1121 1631 permittere
1139 1567 1295 1631 uidebatur,
1315 1583 1371 1631 qna
1390 1576 1444 1617 ca:

290 1651 369 1697 uetur
381 1650 412 1696 ut
427 1647 498 1712 quod
517 1647 632 1712 quisque
651 1648 684 1699 de
702 1664 731 1699 re
751 1663 801 1697 sua
819 1652 941 1700 testatus
961 1653 1047 1713 esset,
1066 1650 1095 1699 id
1112 1656 1201 1700 ratum
1220 1651 1379 1716 haberetur,
1391 1651 1435 1703 his

290 1731 395 1782 uerbis:
415 1733 484 1782 ‘uti
502 1769 509 1785 .
529 1774 535 1787 .
555 1736 572 1785 .’
608 1734 677 1784 lust.
697 1735 766 1783 Inst.
784 1734 813 1785 II
830 1736 863 1784 22
881 1750 921 1799 pr.
941 1733 1021 1785 ‘Cum
1040 1734 1111 1785 enim
1130 1735 1195 1785 olim
1211 1736 1273 1802 lege
1291 1737 1443 1812 duodecim¹

289 1815 446 1867 tabularum
470 1817 561 1867 libera
588 1822 648 1869 erat
670 1818 783 1885 legendi
801 1822 940 1884 potestas,
959 1824 990 1869 ut
1007 1820 1109 1870 liceret
1131 1820 1177 1871 uel
1200 1825 1285 1871 totnm
1303 1823 1436 1887 patrimo-

289 1902 363 1951 nium
384 1900 487 1967 legatis
514 1918 642 1968 erogare:
664 1905 764 1969 quippe
784 1920 818 1955 ea
839 1904 902 1969 lege
925 1905 966 1954 ita
989 1911 1099 1955 cantum
1119 1911 1162 1955 est
1182 1908 1247 1956 ‘nti
1260 1945 1266 1956 .
1280 1946 1286 1956 .
1301 1910 1319 1955 .’
1355 1906 1436 1958 Pom·

289 2002 350 2052 pon.
370 1986 390 2039 l.
404 1988 429 2037 V
448 1987 482 2037 ad
502 1988 534 2049 Q.
554 1988 683 2039 Mucium.
702 1989 766 2054 Dig.
781 1990 823 2051 50,
844 1991 885 2055 16,
905 1992 955 2041 120
973 1990 1084 2040 ‘Verbis
1102 1990 1173 2056 legis
1192 1992 1336 2043 duodecim
1354 1992 1436 2043 tabu-

289 2071 377 2122 larum
396 2071 440 2122 his
460 2072 550 2136 ταῒῆ.
572 2110 578 2122 .
598 2111 604 2123 .
624 2072 764 2124 latissima
781 2077 906 2145 potestas
924 2074 1031 2125 tributa
1048 2075 1157 2125 uidetur
1182 2080 1210 2127 et
1227 2076 1336 2128 heredis
1354 2078 1434 2128 insti·

289 2156 383 2207 tnendi
397 2160 426 2205 ct
438 2156 535 2222 legata
554 2161 582 2207 ct
598 2157 741 2207 libertatis
759 2145 852 2223 dandi,
871 2158 975 2209 tutelas
993 2150 1100 2226 quoque
1119 2161 1315 2212 constituendi’
1335 2178 1358 2215 o.
1373 2178 1398 2227 q.
1412 2177 1434 2213 s.

288 2240 394 2295 Novell.
413 2240 483 2295 Inst.
502 2243 549 2305 22,
569 2244 584 2291 2
602 2258 643 2305 pr.
667 2240 858 2305 νομοθετείτω
878 2240 928 2305 μὲν
951 2242 1004 2308 γὰρ
1023 2242 1137 2297 ἕκαττο(
1156 2244 1202 2297 ἐπὶ
1219 2249 1279 2297 τοῖς
1298 2244 1387 2297 αὑτοῦ
1399 2245 1435 2297 τὰ

289 2320 397 2389 εἰκότα,
422 2325 468 2376 καὶ
491 2323 563 2377 ἔττω
588 2324 674 2389 νόμος
697 2324 841 2389 ἡτοὺτου
860 2326 962 2392 βουλή;
986 2328 1112 2393 καθάπερ
1136 2330 1181 2381 καὶ
1205 2330 1221 2381 ὁ
1244 2331 1435 2383 παλαιότατος

288 2406 356 2472 ἡμῖν
373 2411 436 2460 τῶν
454 2408 553 2473 νόμων
578 2410 623 2461 καί
642 2412 756 2475 πρῶτος
775 2410 873 2475 <xedor
895 2411 951 2476 τὴν
974 2412 1119 2465 πολιτείαν
1137 2412 1285 2477 Ῥωμαία(
1306 2414 1435 2468 διατάξας

288 2492 353 2559 ancl
373 2492 479 2560 (φαμὲν
497 2492 528 2545 δὲ
545 2488 600 2545 τὸνΙ
616 2492 848 2561 δυοδεκάδελτον)
868 2494 940 2548 κατὰ
951 2496 1006 2561 τὴν
1019 2496 1138 2562 ἀρχαίαν
1155 2500 1201 2551 καὶ
1214 2498 1334 2566 πάτριον
1345 2502 1436 2564 γλῶτ-

289 2591 340 2629 ταν
358 2576 464 2630 οὑτωεί
482 2593 539 2630 που
558 2577 651 2642 λέγων
670 2582 735 2631 ‘nti
749 2624 755 2635 .
770 2620 775 2631 .
791 2586 809 2631 .'
844 2582 924 2635 Rhet.
946 2583 982 2632 ad
1000 2583 1149 2635 Herennl
1169 2588 1210 2645 13,
1229 2588 1262 2637 23
1280 2588 1333 2636 ‘Ex
1351 2586 1434 2636 ratia-

289 2663 430 2715 einatione
450 2666 644 2716 controuorsia
664 2671 785 2727 constat,
806 2682 865 2717 cum
889 2681 934 2717 res
957 2669 1018 2718 sine
1037 2669 1149 2733 propria
1166 2668 1229 2735 lege
1252 2671 1330 2721 uenit
1347 2672 1376 2720 in
1393 2672 1434 2721 iu-

287 2747 402 2814 dicium,
429 2764 500 2814 quae
524 2754 619 2800 tamen
643 2750 677 2801 ab
702 2751 766 2802 aliis
794 2750 903 2817 legibus
926 2752 1107 2803 similitudine
1131 2754 1249 2817 quadam
1275 2760 1435 2820 occupatur.

205 2895 207 2899 ι
287 2832 329 2885 Ea
347 2838 392 2885 est
410 2834 492 2885 huius
511 2834 599 2885 modi:
622 2835 683 2887 Lex
702 2834 765 2902 [est]
874 2839 903 2887 et
920 2836 980 2886 lex:
1004 2838 1285 2889 ‘Paterfamilias
1308 2840 1358 2889 nti
1372 2877 1379 2889 .
1393 2878 1399 2889 .
1414 2844 1433 2894 .’

287 2918 404 2981 (Eadem
424 2934 468 2985 ap.
488 2918 546 2970 cia.
565 2920 599 2970 de
616 2920 676 2970 Inu.
695 2922 724 2972 II
743 2924 787 2984 50,
809 2922 857 2971 148
880 2922 933 2971 ‘Ex
952 2922 1166 2973 ratiocinatione
1184 2926 1310 2974 nascitur
1328 2931 1434 2976 contro-

285 3005 391 3069 uersia,
412 3020 473 3055 cum
493 3021 527 3056 ex
546 3022 578 3056 eo
598 3006 670 3071 quod
687 3006 797 3071 uspiam
817 3008 873 3070 est,
893 3006 928 3056 ad
947 3005 975 3055 id
998 3006 1070 3071 qnod
1088 3023 1222 3073 nusquam
1239 3002 1372 3075 scriptum
1390 3015 1434 3061 est

284 3090 394 3139 aeuitur
413 3088 466 3141 hoc
483 3094 580 3155 pacto:
600 3092 660 3142 Lex
680 3131 685 3143 .
706 3128 712 3140 .
734 3131 740 3145 .
760 3097 787 3141 et
806 3090 863 3141 lex:
884 3090 1166 3143 ‘Paterfamilias
1183 3096 1255 3146 uti.
1271 3093 1304 3158 .’)
1328 3094 1433 3145 Paulus

285 3172 302 3223 l.
321 3173 387 3225 LIX
406 3175 442 3225 ad
460 3174 598 3226 Edictum.
617 3176 681 3241 Dig.
700 3177 742 3241 50,
762 3177 803 3236 16,
823 3176 855 3227 53
873 3191 913 3240 pr.
937 3174 1039 3242 ‘Saepe
1061 3177 1102 3227 ita
1121 3182 1310 3244 comparatum
1329 3184 1383 3242 est,
1403 3185 1434 3230 ut

286 3260 436 3310 coniuncta
453 3275 502 3325 pro
521 3260 668 3312 disiunctis
687 3260 862 3325 accipiantur
880 3264 909 3311 et
927 3260 1068 3314 disiuncta
1085 3278 1135 3328 pro
1154 3264 1324 3327 coniunctis,
1347 3264 1432 3313 inter-

287 3386 489 3397 ..s-*—

369 3476 398 3533 3.
419 3477 463 3534 vti
478 3478 592 3553 legassit
612 3477 765 3551 Ulpianus,
783 3477 886 3550 Gaias,
902 3478 1092 3552 Pomponius,
1108 3479 1180 3539 Inst.
1196 3484 1278 3540 codd.
1296 3488 1370 3554 opt:
1390 3484 1431 3539 uti

285 3562 345 3633 quis
365 3561 384 3617 1.
404 3576 427 3617 s.
450 3564 511 3637 ans
527 3564 568 3619 nti
589 3562 642 3637 leg.
664 3580 687 3621 s.
706 3566 747 3621 uti
762 3564 815 3637 leg.
833 3564 895 3637 quis
910 3580 933 3620 s.
951 3568 991 3622 ati
1008 3568 1125 3640 quisque
1139 3568 1193 3642 leg.
1209 3568 1283 3625 Inst.
1299 3568 1367 3625 libri
1379 3570 1430 3625 att.

283 3646 413 3720 (legasset
424 3643 568 3723 plerique)
587 3649 627 3703 uti
642 3648 698 3723 leg.
715 3651 833 3725 quisque
848 3648 955 3706 Noaelt.
1019 3652 1215 3709 Paterfamilias
1230 3654 1271 3710 nti
1285 3684 1329 3695 -
1343 3652 1432 3725 legas·
1476 3695 1478 3698 -

282 3732 317 3786 sit
332 3729 383 3803 (ita
401 3728 459 3789 Cic.
471 3733 568 3792 Paris.
581 3732 643 3805 pr.)
658 3749 681 3790 s.
695 3736 816 3809 legasset
826 3731 1014 3805 (Trossianas
1027 3730 1124 3809 Par.²)
1136 3754 1159 3795 s.
1173 3738 1307 3812 legauerit
1319 3737 1435 3811 (Turio.-

282 3815 461 3873 Benacum
476 3817 667 3891 conditior.)
683 3824 786 3877 ceteris
800 3822 977 3891 interpositis
990 3820 1088 3877 Cicero
1103 3830 1130 3877 et
1146 3824 1264 3880 Rhetor.
1286 3840 1369 3899 super
1384 3841 1431 3898 pe·

283 3896 518 3979 cunia-tutelahae
539 3919 604 3959 strae
620 3905 660 3959 rei
681 3904 744 3977 Ulp.
761 3905 947 3978 cod.:·super
960 3908 1092 3980 pecuniae
1114 3908 1251 3965 tutelaeue
1272 3925 1337 3964 suae
1353 3909 1431 3965 Pau·

282 3986 326 4041 las
346 3989 425 4059 quod
450 3987 581 4060 defendit
609 3988 706 4047 Ouiae.
732 3994 763 4047 in
791 3990 885 4046 adnot.
914 3997 942 4045 et
967 3990 1137 4049 Hasclilcius
1163 3992 1239 4049 Mus.
1265 3993 1348 4049 rlren.
1373 3999 1429 4052 iar.

289 4070 348 4127 VII
352 4088 386 4143 p.
402 4076 441 4127 67
462 4075 497 4129 cl.
514 4074 714 4132 Ruddr'manni
729 4074 855 4132 Gramm.
879 4077 930 4131 lat.
951 4079 1018 4133 inst.
1038 4076 1076 4132 II
1094 4080 1152 4132 335
1168 4077 1269 4135 statie.
1290 4080 1325 4134 de
1347 4096 1431 4153 super

281 4172 305 4211 e.
319 4162 414 4227 penei.
438 4175 522 4232 snper
540 4159 641 4215 familia
658 4163 807 4234 pecuniane
827 4176 875 4216 sua
893 4160 978 4219 Rhet.
1004 4166 1033 4217 et
1052 4162 1108 4218 Cis.
1131 4180 1195 4220 sune
1213 4165 1252 4219 rei
1270 4161 1314 4233 (de
1333 4181 1363 4219 re
1380 4182 1430 4220 sna

285 4240 365 4313 Noa.)
382 4234 493 4300 omissis
507 4250 555 4301 ctt.
572 4243 660 4301 Gaius
672 4246 845 4319 Pomponius
861 4244 934 4301 Inst.
947 4247 1019 4303 Noa.
1031 4248 1173 4318 probante
1190 4266 1255 4305 eam
1270 4249 1307 4304 al.
1321 4248 1429 4305 Selrra-

284 4327 409 4383 deroad
424 4327 564 4384 Instil.
592 4348 616 4385 s.
632 4348 658 4404 p¹
675 4338 697 4387 t.
714 4348 798 4389 suauc
813 4344 842 4386 re
859 4330 945 4403 Hupc
960 4331 1000 4388 Η.
1016 4332 1043 4387 Ι.
1054 4350 1088 4403 p.
1105 4337 1162 4389 166
1179 4336 1235 4403 (ed.
1252 4337 1293 4400 8).
1323 4352 1389 4408 sp.
1407 4344 1428 4390 t.

282 4428 329 4467 sua
344 4412 438 4468 Naodt
455 4412 532 4469 Obss
550 4413 587 4469 II
599 4417 641 4473 19.
663 4432 746 4491 super
760 4416 861 4473 familia
876 4418 991 4490 pecunia
1008 4418 1127 4473 tutelane
1143 4436 1208 4475 sune
1224 4420 1262 4475 rei
1275 4427 1343 4489 post
1357 4421 1429 4475 alios

282 4512 328 4567 ap,
344 4496 489 4553 Merulam
501 4497 670 4556 Haseirlcius
684 4504 702 4557 l.
716 4504 733 4559 l.
751 4504 788 4557 59
798 4518 859 4573 sqq.
874 4505 905 4557 in
919 4503 1006 4558 uerba
1028 4502 1141 4574 Ulpiani
1155 4507 1263 4575 recepit
1286 4494 1433 4561 enectine

280 4585 345 4651 pius
360 4582 529 4654 obloquente
544 4583 694 4644 Husetlrio
708 4591 771 4658 ipsa
785 4591 816 4643 in
831 4588 876 4643 ed.
894 4586 957 4658 Uip.
1013 4604 1078 4643 suae
1093 4590 1133 4645 rei
1149 4591 1272 4648 datarum
1285 4596 1362 4647 reete
1376 4604 1427 4646 eu·

277 4667 370 4737 plicat
386 4666 570 4741 Sanitlinpius
584 4673 614 4726 in
629 4671 702 4727 obss.
719 4674 753 4729 de
768 4672 832 4729 frist.
848 4674 905 4731 iur.
922 4689 994 4730 rom.
1009 4690 1040 4745 p.
1058 4676 1104 4731 97.
