3709 5634
433 654 480 700 on
494 656 555 703 ,xn
578 653 791 701 rasvnanvn
813 651 993 713 aunrovns
1016 651 1306 714 cousrrrvsuors.
1398 639 1436 703 77

383 808 430 875 At
444 807 549 874 sicubi
570 830 629 894 pro
650 805 809 893 singulari
829 828 988 894 personae
1009 806 1220 873 substituitur
1244 806 1421 894 pluralis
1428 856 1437 891 ,

296 909 432 996 propria
447 919 497 975 est
512 910 583 977 siVe
598 909 739 975 duorum
754 909 824 975 sive
840 908 983 996 plurium
998 932 1129 975 caussa:
1153 911 1169 974 Ι
1184 911 1205 974 6
1220 916 1294 973 ‘rem
1308 916 1359 974 ubi
1374 932 1437 990 pu-

296 1022 382 1085 cuut,
404 1021 488 1076 eruto
503 1050 543 1059 —
560 1022 628 1075 aute
640 1016 792 1076 meridiem
812 1032 951 1076 caussam
970 1018 1133 1077 coiciunto’
1150 1062 1158 1077 .
1176 1061 1209 1077 ..
1239 1012 1325 1077 V15
1346 1020 1390 1077 ‘si
1406 1019 1438 1076 in

296 1120 363 1177 iure
377 1134 499 1180 murrum
513 1122 693 1179 conserunt)
724 1112 827 1179 v115
843 1119 883 1177 ‘si
895 1120 1039 1192 turcam)
1070 1114 1158 1180 1116
1179 1120 1288 1195 ‘pertis
1301 1130 1438 1180 secante:

295 1222 324 1279 si
333 1223 405 1295 pius
420 1223 551 1281 minusue
564 1226 736 1294 secuerunt,
757 1237 789 1280 se
804 1219 923 1293 fraude
943 1224 1024 1280 esto'
1054 1217 1085 1281 V
1098 1217 1120 1282 5
1134 1222 1273 1295 ‘erudies
1285 1221 1437 1296 familiam

295 1322 443 1383 iubente?
473 1318 508 1383 X
521 1319 543 1383 4
558 1326 708 1383 ‘mutieres
719 1338 815 1399 penus
828 1340 866 1383 ue
879 1323 1022 1382 ruduuto’
1041 1368 1048 1384 .
1066 1367 1073 1382 .
1090 1368 1098 1383 .

381 1421 453 1485 Iam
465 1441 545 1487 vero
561 1444 645 1508 quae
660 1421 695 1485 in
710 1442 868 1507 oppressa
882 1442 1041 1507 personae
1056 1420 1184 1506 agentis
1199 1422 1439 1507 signiticatIone

296 1522 497 1609 conspicitur
513 1523 645 1589 concisa
659 1523 824 1605 brevitas,
848 1523 962 1587 eadem
977 1534 1028 1588 est
1047 1524 1082 1586 in
1103 1544 1141 1587 ea
1161 1546 1335 1610 persona
1355 1548 1438 1612 quae
1530 1560 1534 1567 ·

296 1625 478 1689 sententiae
502 1624 595 1711 quasi
617 1626 821 1691 obiectum
847 1623 1049 1710 intellegitur
1071 1625 1294 1711 exprimenda.
1324 1626 1439 1713 Neque

296 1726 384 1791 enim
399 1725 496 1793 aliter
512 1728 653 1823 exprimi
668 1726 751 1793 solet
766 1726 830 1791 nisi
852 1726 994 1813 simplici
1014 1727 1205 1814 pronomine
1226 1730 1291 1791 ‘is'
1309 1767 1344 1775 —
1362 1751 1438 1792 narn

294 1849 335 1891 ea
348 1848 436 1893 nunc
450 1827 533 1893 nihil
547 1852 656 1895 moror
670 1852 754 1915 quae
770 1827 891 1893 diserte
910 1830 1062 1915 opposita
1076 1839 1152 1894 sunt
1167 1830 1184 1894 I
1198 1830 1230 1893 4.
1252 1831 1287 1894 II
1301 1832 1332 1893 2.
1352 1830 1438 1895 VIII

293 1930 325 1993 3.
340 1930 382 1993 21
399 1953 455 1994 -ε
473 1930 572 2018 idque
587 1932 697 2018 ipsum
712 1940 782 1996 tum
798 1930 928 1995 demum
945 1931 1148 2014 admittitur,
1170 1932 1198 1996 si
1218 1932 1253 1994 in
1272 1932 1437 2018 prioribus

294 2030 395 2096 habet
417 2054 481 2119 quo
503 2034 678 2119 pertineat.
710 2032 753 2097 cf.
769 2032 787 2097 Ι
803 2035 820 2096 1
837 2039 888 2096 ‘mi
906 2040 944 2114 it,
964 2041 1168 2099 uutcstumino.
1197 2041 1290 2112 icitur
1309 2054 1359 2096 em
1379 2055 1438 2097 ru·-

292 2140 379 2213 pite.'
411 2132 499 2199 III3
516 2142 562 2199 ‘ni
575 2141 738 2200 iudicatum
751 2138 832 2212 fucit
845 2145 899 2199 uut
911 2142 978 2213 quis
997 2141 1075 2199 eudo
1094 2157 1134 2200 eo
1154 2143 1184 2200 iu
1206 2142 1272 2199 iure
1292 2140 1437 2207 uindicit,’

294 2235 326 2299 V
342 2236 361 2299 7
379 2241 419 2298 ‘si
429 2238 565 2313 furiosus
579 2244 663 2312 escit,
685 2248 733 2301 est
752 2244 786 2301 ei
803 2247 900 2302 eustos
914 2244 1070 2312 umescit,
1087 2243 1251 2316 adpostum
1264 2245 1437 2317 prutilium-

294 2359 351 2416 que
366 2344 398 2402 iu
412 2359 453 2402 eo
463 2347 652 2419 pecuniaque
666 2347 749 2405 eius
761 2350 891 2420 potestus
905 2346 989 2405 esto.'
1018 2340 1106 2405 VIII
1120 2341 1140 2404 2
1155 2346 1195 2405 ‘si
1206 2347 1366 2405 membrum
1381 2362 1439 2404 ru-

292 2448 347 2520 pit,
363 2447 399 2505 m'
410 2461 477 2504 cum
492 2462 532 2506 eo
541 2450 638 2523 pdeit’
658 2490 665 2506 .
682 2492 689 2507 .
707 2441 794 2507 VIII
811 2443 860 2507 11.
877 2442 911 2505 Χ
926 2443 956 2507 9.
988 2442 1112 2506 Verum
1133 2442 1175 2509 ab
1191 2454 1329 2529 utraque
1344 2454 1438 2529 parte

294 2566 361 2608 non
377 2552 474 2607 vacat
489 2545 672 2632 suspitione
687 2544 811 2609 VIII4
833 2551 877 2609 ‘si
893 2552 1037 2609 iniurium
1059 2552 1180 2608 alteri
1194 2550 1309 2628 sursit,
1336 2553 1441 2623 viciati

295 2653 425 2725 quinque
434 2666 552 2725 poenae
566 2656 679 2711 suute':
694 2646 815 2713 iniuria
830 2647 916 2711 enim
933 2669 1062 2734 semper
1076 2647 1113 2712 fit
1128 2648 1164 2711 al
1174 2650 1266 2726 teri,
1289 2657 1321 2711 et
1335 2670 1438 2733 aeque

295 2750 379 2813 bene
395 2750 621 2835 expectaveris
638 2754 678 2813 ‘si
691 2754 851 2814 membrum
866 2756 984 2814 alteri
996 2756 1097 2829 rupit'
1119 2758 1152 2814 et
1167 2756 1211 2813 ‘si
1222 2756 1254 2814 iu
1269 2756 1316 2813 ius
1336 2758 1438 2813 ulte-

295 2870 376 2915 rum
402 2859 503 2915 uocut’
531 2859 607 2917 etc:
636 2850 909 2938 quemadmodum
936 2874 1015 2916 sane
1041 2850 1169 2917 Gellius
1199 2852 1439 2917 circumscribit

297 2952 366 3015 XX
384 2954 411 3033 l,
427 2952 469 3017 34
485 2959 550 3032 ‘qui
562 2959 722 3018 membrum
738 2960 829 3018 atteri
841 2961 987 3034 rupisset'
1003 2953 1047 3019 cf.
1065 2954 1104 3017 16
1120 2958 1193 3033 ‘qui
1204 2960 1252 3017 siu
1266 2959 1437 3026 membrum,

295 3060 399 3133 iuquit,
414 3061 533 3119 alteri
545 3062 719 3136 imprudens
732 3062 881 3136 ruperiti'
897 3056 982 3121 Nam
998 3055 1085 3143 quod
1100 3055 1291 3120 Huschkius
1307 3055 1437 3120 ‘Gaius’

295 3180 328 3244 p.
347 3158 406 3222 117
429 3156 590 3243 (IistIngui
616 3159 736 3224 voluit:
764 3165 808 3222 ‘si
827 3165 970 3223 iniurium
991 3164 1091 3236 suxit,
1111 3166 1230 3223 atteri
1253 3165 1386 3236 rietatiq.
1405 3173 1448 3239 ps

295 3265 397 3324 suuto'
413 3281 478 3324 non
499 3260 614 3325 nititur
633 3260 698 3324 nisi
718 3282 822 3347 prava
841 3260 1005 3326 editorum
1027 3259 1127 3327 Gellii
1146 3261 1323 3326 mutatione
1345 3264 1440 3337 ‘serit
1498 3303 1503 3313 -

296 3368 401 3427 etteri’
424 3372 456 3428 et
476 3361 635 3428 librorum
657 3364 814 3429 memoria
834 3373 867 3428 et
885 3361 981 3428 Pauli
1001 3362 1188 3429 testImonio
1208 3364 1243 3426 in
1263 3361 1382 3429 Collat.
1404 3365 1438 3428 II

296 3464 328 3546 5,
344 3464 365 3529 5
381 3470 445 3543 ‘qur'
458 3470 600 3528 iniurium
616 3471 706 3529 citeri
715 3469 811 3543 sucit'
827 3504 869 3513 -—
885 3488 1083 3553 quamquam
1097 3465 1154 3530 ille
1173 3487 1215 3529 ne
1230 3465 1272 3531 ab
1288 3465 1349 3529 hoc
1369 3466 1439 3553 qui·

298 3566 371 3631 dem
393 3588 522 3631 manum
539 3566 700 3633 abstinuit
721 3568 905 3654 —pariter
927 3566 1093 3633 damnata.
1129 3568 1234 3654 Atqui
1253 3567 1315 3633 hac
1335 3578 1437 3633 muta·

297 3669 387 3734 tione
402 3690 509 3755 neque
529 3668 664 3735 sustulit
678 3691 776 3755 quam
792 3670 872 3734 dicit
892 3670 1142 3750 obscuritatem,
1167 3670 1224 3734 sed
1241 3669 1363 3752 intulit,
1386 3694 1439 3734 nc·

297 3793 360 3857 que
375 3772 515 3837 removit
529 3794 641 3836 veram
657 3770 879 3854 offensionem,
897 3770 956 3837 sed
970 3770 1014 3835 ad
1028 3772 1219 3857 primarium
1235 3774 1439 3837 enuntiatum

297 3896 317 3937 a
344 3872 537 3938 secundario
563 3873 769 3939 transmovit.
800 3874 918 3938 Tutius
945 3874 1046 3958 igitur
1070 3874 1225 3937 statueris
1250 3878 1375 3937 ‘citeri'
1397 3897 1438 3937 cx

297 3976 479 4060 posteriore
495 3974 625 4040 dicendi
640 3998 746 4057 more,
769 3976 861 4039 cuius
882 3975 1023 4062 primum
1030 4023 1039 4058 ,
1062 3975 1096 4038 ni
1117 3973 1231 4057 fallor,
1253 3975 1438 4061 exemplum

297 4077 331 4139 in
346 4075 419 4161 lege
435 4074 570 4162 Aquilia
585 4086 678 4143 extat
694 4084 826 4156 ‘siquis
847 4084 966 4141 atteri
978 4083 1120 4142 damnum
1133 4081 1235 4154 fauit'
1253 4077 1345 4162 (Dig.
1361 4078 1390 4158 9,
1406 4062 1444 4160 2,

298 4178 338 4243 27
360 4182 380 4260 ᾖ
400 4178 452 4264 5),
480 4178 654 4265 aliquando
681 4180 714 4244 in
741 4178 846 4264 legem
871 4178 999 4243 illatum
1026 4178 1141 4245 fuisse.
1172 4216 1207 4227 -
1235 4179 1310 4245 Non
1331 4179 1438 4243 minus

298 4290 407 4345 autem
422 4279 456 4344 in
477 4278 561 4365 legis
577 4282 662 4346 VIII
680 4283 696 4346 1
718 4289 909 4367 argumento
930 4305 973 4346 ex
993 4282 1151 4347 Cicerone
1171 4281 1261 4367 apud
1281 4282 1437 4367 Augusti-

298 4405 374 4446 num
397 4381 438 4447 de
460 4382 497 4447 C.
518 4384 561 4447 D.
583 4382 659 4449 119
685 4392 816 4449 servato
843 4390 886 4449 ‘si
909 4391 975 4463 quis
998 4390 1209 4449 occentavisset
1232 4390 1293 4448 sive
1316 4406 1438 4449 curmeu

298 4490 478 4549 condidisset
487 4488 567 4565 quod
580 4489 737 4563 infirmium
752 4490 873 4563 fuceret
883 4492 1069 4565 [tepidumve
1082 4493 1122 4549 nl
1128 4492 1203 4550 teri
1209 4493 1227 4561 ’,
1244 4509 1317 4550 eum
1333 4487 1440 4575 capite

298 4586 424 4672 puniri,
445 4593 568 4653 ‘atteri'
585 4610 777 4677 persuasum
798 4598 848 4655 est
870 4588 1035 4668 Ciceroni,
1057 4611 1123 4654 non
1143 4588 1209 4673 legi
1229 4588 1438 4661 tribuendum

300 4710 381 4754 esse.
