3709 5634
432 630 472 693 78
606 655 608 659 ·
842 641 955 689 cnrvr
978 639 1154 701 ovsarvu.

517 799 564 861 At
593 818 666 861 curn
693 795 734 859 ad
759 817 914 881 personas
939 795 1010 859 fere
1035 800 1224 859 constanter
1249 800 1283 856 et
1306 791 1515 856 condiciones
1541 801 1573 855 et

432 902 524 963 iussa
540 899 737 983 dirigantur,
755 906 824 961 tum
840 886 894 961 est
906 898 1005 961 etiam
1019 896 1078 961 ubi
1093 894 1136 959 ad
1155 916 1218 959 res
1238 903 1445 959 revocentur.
1477 892 1573 973 Quod

433 1000 651 1088 explicatione
667 1022 731 1065 non
753 1010 827 1084 eget
842 999 877 1062 in
891 996 996 1063 hisce:
1015 1006 1070 1063 ‘sol
1089 1018 1213 1062 meuses
1226 1018 1310 1077 supr.
1326 1005 1484 1075 tempestas
1504 1003 1573 1059 esto’

396 1131 399 1136 “
433 1105 449 1169 I
466 1104 501 1185 9,
526 1112 576 1166 ‘co
591 1107 654 1166 dies
669 1090 815 1179 diffensus
829 1106 904 1165 este'
926 1100 1011 1182 112,
1036 1107 1176 1178 ‘trimma
1191 1104 1255 1163 dies
1269 1104 1339 1162 iusti
1351 1104 1454 1163 smmto'
1470 1097 1525 1161 III
1542 1099 1573 1180 13

433 1205 500 1271 vel:
519 1209 558 1269 ‘ss'
572 1226 652 1283 aqua
664 1211 768 1283 plume
783 1212 877 1268 mocet'
894 1202 964 1267 VII
979 1204 1013 1280 8,
1031 1208 1070 1265 ‘si
1083 1206 1202 1265 morbus
1215 1207 1362 1265 aevitasve
1377 1206 1478 1264 vitium
1492 1206 1574 1264 escil'

433 1307 450 1371 Ι
465 1309 484 1371 3
500 1308 543 1371 cf.
560 1307 594 1371 II
610 1307 645 1369 2:
662 1306 797 1371 interior
812 1305 895 1369 ratio
917 1314 966 1369 est
982 1303 1120 1369 aliorum
1128 1352 1137 1385 ,
1154 1313 1204 1368 ut:
1224 1308 1381 1387 ‘aduersus
1395 1307 1506 1366 bostem
1521 1323 1575 1365 ae-

434 1422 519 1473 terne
547 1416 708 1473 auctoritas
736 1414 837 1487 (estus
865 1408 970 1488 1117,
997 1415 1074 1485 ‘post
1099 1411 1207 1469 demde
1231 1426 1337 1468 manus
1362 1411 1480 1469 iniectio
1505 1413 1575 1468 esto’

433 1511 537 1593 1112,
562 1518 604 1575 ‘st
617 1516 777 1575 membrum
798 1516 882 1589 rupit
900 1547 942 1556 -
963 1514 1035 1572 tatto
1054 1516 1131 1571 esto'
1147 1507 1232 1572 VIII
1247 1509 1283 1585 2,
1306 1510 1427 1584 ‘memb'
1446 1513 1576 1586 quinque

429 1634 545 1692 poenae
565 1621 665 1676 sumto’
688 1611 774 1677 VIII
795 1612 825 1676 4.
857 1612 1005 1692 Quorum
1027 1620 1187 1695 quatenus
1207 1610 1250 1674 ad
1268 1608 1405 1673 iniurias
1426 1617 1576 1695 spectant

432 1717 592 1781 rationem
614 1714 759 1780 reddidit
780 1712 975 1777 Huschkius
997 1712 1137 1777 ‘Gaius'
1160 1736 1192 1799 p.
1217 1712 1381 1816 126·bene
1401 1711 1574 1797 potestatis
1653 1744 1657 1752 ,

329 1880 335 1895 ,
433 1819 657 1904 potiusquam
678 1816 780 1879 officii
799 1817 964 1880 notionem
976 1814 1092 1879 ¹inesse
1112 1814 1357 1899 interpretatus.
1386 1814 1438 1877 Ac
1457 1834 1574 1877 memo·

432 1918 545 1983 rabilis
562 1918 661 1983 estin
675 1916 790 1981 ultimo
806 1916 894 2002 quod
908 1918 1004 2004 posui
1019 1914 1168 2002 exemplo
1183 1914 1320 2002 pluralis
1338 1923 1499 2000 ‘poenae'
1522 1936 1574 1977 an-

433 2022 557 2107 tiquam
577 2020 668 2086 vocis
690 2018 966 2103 significationem
987 2041 1141 2098 servans,
1168 2018 1259 2081 cuius
1286 2016 1428 2101 vestigia
1454 2015 1576 2081 delevit

433 2122 631 2209 interpolata
658 2119 758 2185 Gellii
788 2121 952 2207 scriptura
978 2124 1061 2186 ‘XX
1066 2126 1093 2183 V
1114 2141 1195 2184 asses
1221 2121 1316 2205 (ueris
1341 2118 1431 2202 libri)
1461 2138 1576 2197 poenae

433 2231 535 2290 smmto’
563 2222 726 2305 (XX112
752 2223 795 2288 cl.
816 2223 902 2288 XVI
926 2224 982 2304 10,
1004 2222 1049 2307 8).
1080 2222 1288 2309 Quamquam
1313 2221 1416 2307 paulo.
1438 2220 1573 2286 liberius

434 2328 550 2389 Festus
567 2348 598 2411 p.
614 2326 675 2389 371
693 2331 951 2404 ‘Vr'm'mu'quimque
962 2345 1078 2404 poenae
1092 2332 1123 2388 m
1138 2329 1208 2387 XII
1219 2330 1369 2402 siguificat
1382 2328 1575 2403 vipmtiqmin-

433 2435 606 2508 percurres,
622 2427 679 2491 ubi
695 2428 810 2492 vitium
824 2427 859 2491 in
873 2427 987 2491 Ursini
1003 2427 1116 2492 codice
1133 2428 1343 2491 commissum
1359 2434 1507 2506 ‘poenas'
1523 2449 1574 2490 ne-

434 2552 495 2616 que
512 2528 734 2594 O.Muellerus
751 2530 893 2594 debebat
908 2540 1072 2618 vetustam
1084 2530 1231 2613 genetivi
1245 2528 1385 2593 formam
1400 2550 1574 2614 agnoscere

433 2654 538 2718 noque
552 2630 746 2696 Huschkius
763 2631 783 2695 l.
799 2630 820 2693 l.
839 2631 897 2695 117
914 2641 1041 2695 mutare
1057 2634 1164 2710 moena
1179 2636 1221 2695 ξ’
1242 2633 1264 2695 1.
1281 2654 1308 2696 e.
1327 2640 1441 2711 ‘poema
1461 2639 1572 2702 sumta,

433 2735 479 2798 ita
494 2733 635 2820 quidem,
652 2744 690 2799 ut
706 2734 904 2817 singularem
919 2732 1021 2799 nihilo
1038 2734 1144 2799 minus
1158 2742 1286 2800 statuat
1300 2756 1343 2798 ex
1357 2741 1491 2798 vetusto
1507 2731 1573 2819 plu-

432 2836 494 2901 rali
516 2838 648 2901 demum
668 2835 812 2901 effictum
835 2856 918 2900 esse.
930 2834 953 2921 ¹)
984 2836 1094 2923 Atque
1113 2859 1192 2901 usus
1216 2836 1369 2922 antiquus
1390 2836 1520 2901 Graeco
1542 2858 1573 2898 v.

432 2940 541 3005 ποιναί
557 2950 719 3023 congruns
736 2946 812 3023 apte
831 2936 1015 3002 illustratur
1035 2938 1156 3024 glossis
1172 2938 1269 3003 Pauli
1290 2960 1333 3004 ex
1346 2938 1446 3001 Festo
1467 2958 1573 3001 excer-

432 3042 498 3127 ptis
514 3064 545 3126 p.
554 3040 616 3105 208
633 3045 780 3105 ‘Pendere
790 3059 907 3119 poenas
921 3047 1033 3104 solvere
1047 3048 1196 3119 siqnidem
1210 3045 1248 3104 ab
1261 3061 1296 3104 eo
1311 3044 1391 3119 quod
1403 3060 1476 3104 aere
1487 3044 1576 3117 pravi

433 3164 499 3207 cmm
514 3154 668 3207 meremur
682 3146 825 3216 Romami,
837 3163 933 3221 penso
947 3164 994 3215 eo,
1017 3164 1075 3206 mom
1089 3154 1245 3207 neumarum
1266 3146 1393 3206 debitum
1408 3146 1572 3205 solvebam'

359 3296 364 3308 .
433 3254 466 3309 et
480 3268 513 3332 p.
528 3244 591 3309 243
607 3254 722 3309 Poenus
734 3249 867 3323 pendere
882 3244 926 3308 id.
957 3237 1027 3331 Ipsi
1042 3255 1151 3311 autem
1166 3244 1323 3310 locutioni
1339 3248 1418 3307 ‘XX
1425 3249 1450 3306 V
1460 3264 1574 3323 poenae

432 3356 528 3411 sunto'
553 3369 688 3433 prorsus
709 3346 886 3433 respondet
907 3369 949 3410 ex
969 3347 1203 3413 consuetudine
1223 3347 1440 3433 posteriorum
1466 3346 1573 3431 legum

433 3471 516 3535 quae
536 3448 571 3511 in
591 3448 653 3513 SC.
670 3448 710 3513 de
730 3449 990 3535 aquaeductibus
1013 3459 1063 3513 est
1083 3447 1172 3535 apud
1192 3448 1386 3514 Frontinum
1407 3472 1436 3513 c.
1455 3449 1515 3514 127
1538 3455 1576 3511 ‘st

330 3611 336 3621 ,
432 3559 497 3631 qmr's
520 3556 665 3615 aduersus
689 3572 726 3615 ea
749 3556 938 3631 commiserit,
965 3558 995 3615 m
1020 3559 1155 3630 stapulas
1180 3541 1229 3615 res'
1249 3554 1304 3613 HS
1316 3555 1349 3613 Χ
1363 3556 1447 3614 milia
1461 3557 1571 3614 essem'

431 3654 617 3739 pariterque
644 3663 697 3701 —'
711 3653 772 3719 etsi
798 3652 840 3718 ab
866 3652 927 3717 hac
954 3653 1085 3718 diversa
1108 3693 1143 3700 -
1166 3675 1231 3739 qua¹
1250 3652 1296 3716 M.
1313 3652 1396 3718 Oato
1412 3653 1523 3718 utitur
1542 3652 1573 3715 in

432 3758 580 3822 oratione
594 3779 654 3843 pro
670 3753 911 3821 Rhodiensibus
933 3756 1022 3841 apud
1038 3755 1182 3821 Gellium
1197 3756 1246 3821 VI
1262 3754 1358 3842 (Vll)
1373 3756 1405 3837 3,
1420 3756 1461 3819 37
1484 3759 1575 3831 ‘Quia

432 3860 532 3923 marm?
560 3880 655 3937 ecqua
670 3864 791 3921 tamdem
806 3866 857 3921 les
872 3870 916 3921 est
929 3870 990 3921 lum
1010 3864 1120 3923 acerba
1141 3880 1219 3937 quae
1240 3864 1323 3921 dicut
1337 3859 1395 3921 “si
1413 3864 1480 3936 qm's
1499 3862 1575 3921 illud

428 3967 537 4039 [escere
552 3968 687 4039 voluerit,
702 3968 782 4025 mille
796 3967 892 4024 mimus
908 3966 1063 4024 dimidium
1075 3964 1216 4036 familiae
1230 3968 1343 4025 multu
1357 3972 1449 4032 estu·
1469 3966 1497 4023 si
1509 3966 1573 4038 qais

427 4072 499 4143 ptus
513 4071 675 4143 quispema
690 4070 796 4141 impera
810 4068 920 4127 leaders
935 4069 1071 4143 vetuerit,
1092 4074 1197 4128 tantu
1214 4084 1337 4144 poema
1356 4076 1449 4137 esta·
1467 4070 1496 4126 si
1509 4069 1572 4141 quis

428 4172 571 4231 malorem
600 4185 727 4246 pecuum
759 4186 914 4231 nummum
941 4170 1054 4229 trabere
1083 4173 1219 4243 uoluerit,
1250 4177 1387 4232 tantum
1417 4170 1571 4230 dammas

433 4341 567 4349 *u-
575 4342 632 4349 ..4—

500 4438 519 4503 1)
543 4441 749 4493 Mentorandam
772 4441 844 4493 idem
863 4442 1006 4507 proposuit
1022 4460 1049 4511 p.
1071 4445 1119 4495 123
1138 4444 1275 4510 ‘poenae'
1295 4460 1312 4494 a
1336 4443 1400 4495 πῶϋ
1424 4440 1569 4494 derivatio·

431 4540 505 4577 nem:
536 4528 568 4575 de
593 4543 659 4578 vera
682 4544 755 4577 nunc
780 4528 943 4579 consulendi
966 4530 1075 4579 Pettius
1094 4520 1211 4593 Quaests
1235 4535 1317 4595 etym.
1341 4531 1433 4579 1217.
1462 4528 1570 4578 Curtius

430 4612 520 4677 Etyrn.
540 4626 579 4675 gr.
600 4612 679 4665 elem.
699 4612 789 4665 1246.
822 4614 975 4665 Corssenus
999 4617 1026 4665 in
1046 4616 1166 4681 Symbol.
1186 4616 1245 4667 crit.
1266 4615 1300 4665 ad
1319 4616 1405 4665 doctr.
1424 4615 1503 4669 torm.
1522 4612 1569 4663 lat.

429 4713 456 4764 p.
476 4698 508 4749 77
527 4712 586 4762 sqq.
