3709 5634
555 706 604 757 nn
625 706 812 758 ovooncnr
834 705 1047 756 TABVLARVM
1069 706 1242 756 aaronis.
1452 693 1473 756 3

324 868 397 924 tum
418 871 506 926 esset
527 862 657 928 sublata
678 862 806 948 sunt¹)3
834 862 933 926 etiam
954 860 1112 926 Plaetorii
1137 860 1381 947 plebeiscitum,
1408 885 1471 947 quo

322 963 481 1047 temporis
497 964 617 1048 agendi
631 964 706 1029 finis
722 963 818 1029 aliter
831 973 931 1050 atque
947 960 1075 1048 exlege
1091 963 1288 1030 constitutus
1304 963 1386 1046 est²)
1395 963 1471 1046 ‚,his

395 1184 415 1251 ¹)
433 1186 572 1252 Ulpianus
588 1188 623 1238 D.
641 1189 666 1251 9,
685 1190 710 1252 2,
729 1190 754 1238 1.

393 1270 415 1335 ²)
435 1273 606 1338 Quamquam
624 1271 658 1322 dc
678 1288 710 1323 co
728 1287 840 1337 prorsus
864 1273 1003 1324 diversam
1027 1273 1196 1323 sententiam
1219 1273 1336 1340 protulit
1358 1272 1390 1324 0.
1409 1271 1472 1324 Iah-

322 1357 390 1406 nius
408 1373 442 1407 ex
460 1356 605 1408 Censorini
621 1357 683 1408 loco
702 1357 799 1408 dedic
817 1361 877 1410 nat.
895 1373 919 1408 c.
939 1359 973 1407 24
995 1357 1076 1407 ‘Hinc
1098 1372 1261 1422 suprema:
1284 1360 1395 1424 quamuis
1414 1362 1474 1423 plu·

321 1443 385 1492 risui
399 1458 540 1507 supremam
556 1429 617 1507 post
633 1457 749 1493 occasum
765 1442 828 1493 eolis
850 1457 906 1493 esse
924 1443 1085 1502 existimant,
1109 1443 1168 1507 qula
1185 1451 1225 1492 est
1242 1444 1268 1492 iu
1287 1443 1348 1493 XII
1367 1443 1472 1494 tabulis:
1534 1435 1536 1452 '

322 1525 419 1578 “Solis
436 1541 542 1578 occasus
557 1542 678 1592 suprema
699 1533 837 1592 tempestas
859 1530 947 1582 esto.’'
982 1527 1037 1578 Sed
1052 1534 1145 1592 postea
1162 1527 1200 1579 M.
1218 1529 1366 1579 Plaetorius
1384 1536 1417 1578 tr.
1435 1532 1472 1593 pl.

321 1613 414 1662 aciaco
431 1614 487 1662 tulit
504 1618 530 1662 ta
547 1628 596 1679 quo
613 1615 735 1678 seriptum
752 1620 806 1663 est:
824 1613 961 1663 “Praetor
978 1612 1090 1662 wbanus
1107 1614 1151 1678 qui
1167 1629 1232 1663 nunc
1248 1621 1287 1662 est
1299 1615 1390 1679 quique
1399 1621 1472 1678 post·

322 1697 376 1748 trac
390 1697 449 1759 suat
466 1697 524 1762 (fiat
540 1697 630 1760 codd.)
647 1699 698 1749 duo
715 1700 819 1749 lictores
836 1700 908 1763 apua
922 1714 951 1750 se
969 1697 1061 1750 iubeto
1078 1701 1149 1763 isque
1168 1696 1200 1761 (s.
1219 1697 1311 1763 iisque)
1330 1715 1472 1764 supremam

323 1783 364 1832 ad
378 1785 455 1833 soum
472 1798 588 1834 occasum
604 1784 692 1848 iusque
709 1784 776 1833 inter
793 1785 861 1834 ciues
878 1785 988 1837 dicito.”
1013 1783 1091 1845 Quae
1109 1781 1195 1833 verba
1207 1783 1322 1834 Iahnius
1336 1781 1366 1836 0.
1380 1784 1470 1834 Lach-

323 1869 422 1918 manai
441 1868 604 1918 coniectura
622 1873 731 1934 ‘usquc
747 1872 900 1934 supremom'
918 1868 995 1918 nisus
1014 1869 1044 1918 in
1057 1883 1118 1918 eam
1131 1872 1237 1934 partem
1250 1869 1369 1933 accepit,
1390 1869 1472 1933 qnasi

322 1951 381 2002 hac
398 1951 460 2019 lege
478 1954 570 2003 iussus
589 1956 665 2003 esset
675 1956 789 2018 praetor
807 1957 923 2018 ‘usque
936 1954 978 2004 ius
991 1953 1084 2005 dicere
1098 1969 1157 2018 per
1169 1967 1324 2019 supremam
1338 1954 1473 2019 adipsum

323 2037 414 2088 solem
431 2053 575 2098 occasum,
595 2038 649 2088 etsi
667 2053 769 2103 praeco
787 2054 942 2104 supremam
955 2038 1038 2104 panlo
1052 2043 1117 2090 ante
1130 2037 1198 2090 solis
1211 2053 1340 2090 occasum
1353 2055 1472 2104 pronun·

322 2123 429 2174 tiasset
441 2129 470 2174 et
480 2123 587 2174 iudices
599 2123 771 2174 dimisisset.’
794 2124 885 2174 Athis
901 2125 956 2174 etsi
967 2123 1108 2175 Rudorifio
1125 2138 1233 2189 quoque
1250 2125 1375 2190 probatis
1388 2125 1473 2187 (Hist.

322 2211 383 2260 Iar.
396 2209 471 2261 Rom.
484 2211 498 2260 I
511 2211 570 2262 103.
581 2209 609 2260 II
622 2211 656 2260 66
668 2208 706 2272 n.)
720 2208 845 2273 equidem
857 2208 1024 2275 adstipulari
1035 2211 1197 2274 neutiquam
1209 2223 1329 2274 possum.
1349 2211 1473 2276 Namque

323 2310 391 2344 cum
408 2295 477 2345 mira
495 2295 560 2344 hinc
579 2294 700 2345 eflicitur
718 2298 803 2359 atquc
821 2293 942 2345 molesta
961 2294 1085 2346 eiusdem
1103 2296 1145 2346 rei
1161 2296 1191 2344 in
1209 2299 1326 2359 utraque
1348 2294 1413 2360 lega
1430 2311 1472 2346 re-

322 2380 440 2446 petitio;
458 2383 515 2430 turn
532 2394 598 2430 vero
617 2380 691 2430 omni
708 2379 761 2429 fide
780 2384 858 2430 caret
874 2385 1055 2446 praeceptum
1072 2379 1127 2430 ΧΠ
1149 2379 1221 2446 legis
1240 2379 1389 2445 aliquando
1408 2381 1473 2431 abo-

322 2464 408 2514 litum
425 2465 512 2515 fuisse
532 2468 560 2514 ct
577 2464 641 2530 lege
659 2464 802 2515 Plaetoria
820 2466 988 2515 restitutum,
1015 2466 1100 2516 Immo
1119 2464 1185 2530 quid
1203 2466 1244 2516 rei
1262 2465 1299 2516 sit
1317 2467 1473 2516 certissime

320 2548 422 2599 clucet
441 2566 473 2600 ex
485 2550 618 2600 Varronis
636 2549 670 2599 de
688 2549 707 2600 l.
721 2549 739 2600 l.
759 2549 819 2600 loco
838 2551 877 2601 VI
895 2552 911 2601 5
931 2549 1068 2616 ‘Suprema
1085 2567 1201 2602 morum
1218 2552 1283 2609 diei,
1306 2553 1335 2601 id
1351 2569 1367 2601 a
1384 2568 1474 2617 super·

321 2637 400 2686 rimo.
436 2635 495 2684 Hoc
511 2640 609 2700 tempas
626 2633 688 2683 XII
706 2634 806 2685 tabulae
828 2637 916 2686 dicum
936 2651 1052 2687 occasum
1074 2651 1130 2686 esse
1147 2637 1223 2688 solis:
1244 2638 1293 2687 sed
1314 2644 1409 2701 postea
1429 2640 1474 2687 lca

322 2721 461 2770 Plaetoria
478 2721 506 2770 id
523 2735 622 2786 qaoque
634 2725 732 2784 tempus
748 2720 816 2770 iubet
828 2736 884 2771 esse
895 2736 1044 2786 capreosam,
1063 2736 1112 2786 quo
1123 2736 1220 2786 praeco
1233 2724 1260 2771 ia
1271 2723 1372 2772 comitio
1383 2737 1474 2787 supre-

322 2821 391 2855 mam
407 2806 581 2870 peruastauit
597 2807 714 2870 populo!
736 2805 797 2867 Quo
814 2804 876 2857 loco
895 2806 948 2857 duo
967 2805 1049 2856 simul
1067 2805 1225 2856 edocemur:
1244 2807 1361 2872 primum
1373 2822 1473 2872 reapse

324 2891 492 2956 abrogatam
511 2905 573 2942 esse
592 2890 734 2956 antiquam
756 2889 848 2956 legem
870 2906 888 2940 a
904 2889 1046 2941 Plaetorio
1069 2891 1111 2940 ita
1134 2891 1257 2956 quidem,
1281 2895 1312 2940 ut
1334 2907 1383 2957 pro
1406 2892 1474 2942 solia

322 2990 432 3027 occasu
447 2989 571 3039 -quae
595 2978 638 3025 est
660 2975 773 3040 proprie
795 2990 924 3040 suprema
946 2978 1098 3039 tempestas
1115 3001 1150 3012 -
1167 2975 1228 3026 linis
1251 2979 1421 3028 statueretur
1445 2977 1474 3026 id

322 3065 449 3127 tempus,
477 3073 531 3124 quo
553 3074 710 3125 suprema
732 3061 1029 3125 pronuntiaretur,
1057 3059 1086 3110 id
1109 3066 1152 3112 est
1174 3065 1247 3112 teste
1269 3060 1361 3112 Plinio
1384 3063 1420 3113 H.
1439 3062 1473 3113 N.

322 3147 380 3196 VII
398 3147 439 3211 60,
457 3147 507 3195 212
525 3160 579 3210 quo
597 3160 615 3195 a
632 3144 760 3196 columna
776 3145 890 3196 Maenia
913 3145 949 3195 ad
973 3160 1113 3196 carcerem
1131 3145 1235 3210 (arcem
1252 3145 1419 3210 Urlichsius)
1438 3147 1474 3196 si·

323 3230 378 3281 dus
401 3229 557 3283 inclinaret.
596 3230 638 3280 Ac
659 3229 826 3296 respondent
848 3230 903 3284 sibi
918 3226 999 3296 haud
1022 3231 1119 3282 dubie:
1147 3236 1203 3283 ‘sol
1225 3248 1330 3284 occasus
1351 3247 1472 3296 suprema

323 3320 546 3388 tempesta-erre
566 3320 594 3366 et
612 3317 652 3366 ‘id
668 3332 766 3382 qaoque
783 3323 881 3382 tempus
898 3317 985 3367 lubet
1002 3332 1058 3368 esse
1074 3321 1237 3382 supremum)
1259 3317 1368 3384 Deinde
1382 3321 1473 3368 autem

263 3398 266 3399 ⁷
325 3398 509 3452 Censorinum
526 3405 558 3451 ut
574 3400 647 3452 alias
665 3417 750 3467 saepe
768 3403 809 3452 ita
827 3401 873 3452 hic
891 3417 1000 3468 quoque
1013 3403 1165 3454 Varronem
1178 3403 1360 3469 exscripsisse
1378 3407 1409 3454 ut
1425 3419 1475 3468 per

323 3502 359 3539 se
377 3486 511 3538 credibile
530 3491 574 3537 est
591 3487 632 3537 ita
648 3486 742 3537 verbis
760 3488 823 3537 ‘sed
837 3491 945 3554 postea’
964 3487 1122 3538 luculenter
1145 3489 1296 3540 evincitur:
1319 3504 1390 3554 quse
1415 3490 1473 3554 qui-

324 3573 392 3623 dem
414 3587 476 3623 cnm
494 3573 619 3624 Varroni¹
631 3572 733 3637 optime
757 3574 938 3637 conveniant,
956 3577 1013 3624 tuin
1034 3589 1053 3624 a
1073 3573 1217 3626 Censorini
1241 3574 1357 3626 consilio
1380 3575 1474 3626 aliena
1550 3609 1555 3620 .

325 3664 400 3710 aunt.
435 3659 505 3710 Nam
528 3656 599 3723 qnod
617 3657 731 3709 Iahnius
753 3662 898 3723 utrumque
922 3660 1065 3710 existimat
1087 3659 1150 3726 lege
1173 3660 1319 3710 Plaetoria
1340 3661 1395 3720 nti,
1420 3676 1474 3726 qua

323 3744 516 3795 demonstrent
532 3757 687 3808 supremam
704 3758 759 3794 non
777 3748 841 3808 post
857 3759 987 3795 occasum
1006 3743 1071 3795 solis
1090 3743 1197 3794 demum
1214 3745 1352 3810 incipere,
1371 3746 1421 3794 sed
1440 3761 1474 3794 ex

325 3845 383 3895 quo
401 3844 529 3895 suprema
546 3828 624 3878 dicta
641 3828 691 3890 sit,
710 3827 848 3879 immerito
867 3829 902 3880 ad
920 3829 1072 3880 Varronem
1094 3830 1180 3880 refert
1203 3829 1276 3893 quod
1298 3829 1350 3880 soli
1369 3828 1473 3880 Censo-

325 3915 389 3966 rino
406 3913 580 3965 tribuendum
599 3921 642 3966 est
660 3919 744 3980 atque
763 3913 832 3965 adeo
850 3914 959 3964 crimini
970 3914 1142 3967 vertendum.
1170 3913 1242 3976 Quid
1254 3915 1345 3965 enirn?
1370 3915 1473 3979 Ecquis

325 4014 414 4051 sanus
430 3999 511 4052 homo
529 4014 563 4051 ex
581 4000 673 4052 verbis
690 3999 762 4064 legis
784 3999 876 4050 hisce:
895 4001 958 4052 ‘Sol
979 4015 1084 4052 occasus
1105 4013 1224 4064 suprema
1245 4005 1382 4064 tempestas
1404 4003 1472 4049 esto’

324 4087 383 4136 hcc
406 4083 512 4136 eiiciat
534 4101 690 4151 supremam
711 4089 789 4151 post
816 4084 921 4136 solem
945 4099 1075 4136 occasum
1099 4099 1174 4144 esse,
1196 4083 1225 4134 id
1248 4083 1319 4150 qnod
1341 4082 1474 4149 plurimos

324 4170 394 4222 inde
413 4170 545 4235 colligere
564 4170 685 4222 affirmat
703 4173 818 4221 auctor?
840 4171 873 4220 ld
890 4172 916 4222 si
934 4171 1043 4236 quidem
1061 4171 1205 4235 quisquam
1224 4168 1353 4233 credidit,
1372 4169 1473 4220 saltam
1513 4151 1518 4166 ⁸

325 4271 386 4307 non
403 4256 476 4306 hanc
494 4256 528 4306 ob
547 4271 674 4307 caussam
693 4254 818 4308 credidit.
855 4254 910 4306 Sed
926 4258 988 4308 sive
1006 4271 1105 4307 revera
1127 4255 1183 4306 ista
1201 4255 1295 4321 opinio
1315 4254 1402 4306 latius
1425 4271 1473 4321 pa·

325 4343 409 4393 tebat
425 4342 484 4393 sive
501 4340 530 4390 in
547 4342 640 4406 scirpo
657 4341 757 4392 nodum
780 4341 890 4406 quaerit
907 4341 1088 4405 Censorinus,
1113 4345 1188 4392 certe
1212 4339 1327 4392 mirifice
1351 4341 1474 4392 abutitur

326 4430 391 4479 loco
414 4426 587 4478 Varroniano
610 4426 645 4476 ad
666 4425 860 4478 difficultatem
882 4427 937 4477 sibi
959 4427 1015 4492 ipsi
1038 4434 1159 4477 creatam
1190 4425 1409 4478 convellendam.
1449 4425 1474 4475 A

324 4514 455 4566 Varrone
473 4512 545 4563 enirn
564 4515 668 4563 certum
686 4512 820 4564 cimmodi
837 4512 983 4564 consilium
1000 4511 1083 4577 plane
1101 4511 1194 4562 abest:
1212 4511 1261 4576 qui
1277 4526 1347 4562 ansa
1359 4511 1426 4562 data
1439 4509 1474 4560 ad

324 4597 496 4650 uocabulum
514 4601 653 4662 ‘supremo’
672 4597 844 4650 diversarum
861 4599 955 4664 legum
973 4597 1007 4647 de
1025 4611 1153 4664 suprema
1171 4597 1227 4648 dici
1245 4596 1386 4648 iudicialis
1404 4600 1474 4648 tem-

324 4687 440 4752 pestate
457 4684 625 4735 mentionem
643 4684 731 4734 inicit.
767 4684 844 4746 Quas
861 4684 940 4750 leges
958 4683 988 4733 in
1005 4697 1084 4733 suum
1101 4688 1182 4732 us'um
1201 4687 1328 4748 arreptas
1347 4681 1474 4734 Censori·
1563 4675 1567 4680 ’

325 4784 382 4822 nus
400 4785 461 4820 cum
485 4771 526 4819 ita
547 4771 622 4822 inter
642 4786 673 4822 se
695 4771 867 4836 opposuerit,
891 4773 922 4819 ut
944 4785 992 4834 pro
1014 4785 1083 4821 vera
1106 4769 1260 4834 argumenti
1282 4767 1475 4832 discrepantia

1225 4851 1272 4914 1*
