3709 5634
414 677 461 724 na
485 677 535 723 1111
558 676 769 724 'insusurra
793 677 969 737 antiquus
992 636 1279 726 oous'rmvuums.
1378 661 1417 727 75

275 830 354 894 stini
376 830 453 895 edit.
469 870 511 879 -
525 830 693 896 Mamilius
717 833 827 917 posuit
843 817 949 895 ‘reus'
971 832 1145 916 probatum
1167 831 1301 897 Kellero
1322 832 1415 897 Proc.

275 932 338 996 civ.
354 950 387 1017 p.
403 931 491 996 2911.
510 932 569 997 108
586 941 642 997 aut
658 932 697 997 Ο.
713 932 891 997 Muellerus
907 938 1080 1013 ‘possessor'
1095 973 1139 985 —-
1152 934 1288 1021 nequid
1309 934 1417 999 dicam

275 1034 315 1099 de
331 1033 497 1099 Wetzellii
514 1034 738 1121 supplemento
755 1043 794 1099 ‘sl
807 1043 874 1099 uelit
887 1042 918 1099 is
939 1043 1004 1114 qui
1016 1043 1129 1099 ricit.’

359 1136 427 1201 Neo
442 1159 520 1203 vero
537 1136 665 1227 Gellius
680 1139 825 1223 repperit
847 1138 880 1200 in
897 1138 967 1202 XII
990 1138 1110 1203 tabulis
1133 1138 1219 1224 quod
1239 1139 1316 1203 inde
1337 1139 1418 1203 citat

274 1238 344 1302 XX
362 1239 412 1321 10,
429 1240 448 1303 8
465 1246 504 1303 ‘si
517 1246 580 1318 qul
594 1246 624 1303 ia
640 1246 705 1303 iure
719 1260 840 1303 martura
856 1249 1025 1304 rouserant'
1043 1240 1105 1322 (Vl
1119 1240 1154 1320 5)
1172 1240 1228 1304 sed
1244 1244 1283 1303 ‘si
1296 1247 1326 1303 iu
1342 1248 1361 1305 r'.
1372 1258 1418 1304 ia.

273 1347 312 1405 e.'
330 1341 373 1405 cf.
390 1341 429 1405 Τ.
445 1341 513 1407 VII
528 1341 548 1407 5
563 1348 590 1405 si
602 1348 727 1420 iarpoat
740 1341 782 1406 al.
811 1341 898 1405 Nam
913 1364 973 1429 pro
989 1350 1034 1406 ‘sl
1048 1350 1130 1421 quis'
1145 1342 1234 1427 quod
1254 1344 1289 1407 in
1310 1353 1416 1429 poste

273 1442 371 1507 rioris
388 1446 505 1508 aetatis
527 1443 654 1529 legibus
671 1453 703 1509 et
718 1444 833 1508 edictis
849 1444 992 1508 maxime
1007 1444 1235 1531 frequentatur
1243 1494 1252 1524 ,
1274 1445 1345 1510 XII
1360 1455 1418 1511 aut

273 1549 332 1608 ‘si’
349 1543 541 1631 simpliciter
556 1555 613 1611 aut
627 1552 711 1625 ‘qui'
728 1546 895 1611 exhibent.
921 1547 1020 1627 Quae
1040 1569 1092 1610 res
1108 1546 1313 1633 aliquantum
1328 1548 1419 1613 valet

273 1646 316 1711 sd
332 1646 490 1711 iudicium
506 1648 546 1712 de
562 1647 632 1713 loco
648 1648 798 1713 similiter
813 1660 1002 1735 comparato
1019 1648 1262 1714 stabiliendum.
1293 1647 1418 1716 Vereor

273 1749 360 1813 enim
375 1759 412 1814 ut
428 1752 580 1837 cuiquam
595 1751 747 1836 placeant
761 1752 841 1815 baec
857 1774 874 1815 e
887 1750 986 1817 Gellii
1002 1752 1190 1817 testimonio
1205 1752 1305 1836 (XVI
1319 1753 1368 1835 10,
1381 1752 1416 1834 5)

272 1853 320 1917 ita
334 1851 435 1937 vulgo
452 1852 632 1918 constituta
648 1858 786 1918 ‘adsiduo
801 1858 912 1917 vindex
925 1859 1070 1919 adsiduas
1084 1865 1159 1918 esto:
1178 1861 1343 1933 proletario
1356 1862 1419 1918 eui

272 1963 354 2035 quis
369 1962 456 2033 uolet,
474 1960 584 2018 uindex
599 1960 674 2019 esto’
693 1955 724 2041 (Ι
739 1956 785 2040 4).
817 1956 910 2037 Quae
931 1956 1014 2021 adeo
1036 1957 1236 2021 deteriorum
1256 1956 1417 2022 librorum

272 2056 431 2122 memoria
446 2065 509 2121 est:
532 2079 605 2121 oum
632 2057 827 2143 optimorum
843 2058 938 2142 Regii
958 2068 990 2122 et
1005 2058 1161 2121 Vossiani
1183 2059 1316 2124 maioris
1339 2059 1416 2123 scri-

271 2168 370 2246 ptura
384 2160 547 2225 immerito
572 2160 628 2225 diu
643 2159 793 2245 neglecta
807 2166 986 2241 ‘proletario
1006 2167 1078 2223 iura
1098 2168 1173 2225 ciui
1190 2168 1241 2225 cul
1259 2168 1325 2239 quis
1344 2168 1419 2225 uolet

272 2283 297 2325 a.
313 2270 351 2326 e.'
367 2283 408 2326 ne
424 2283 536 2326 carere
559 2262 691 2349 quidem
712 2265 876 2348 possimus
898 2271 1033 2348 propter
1056 2260 1139 2325 illud
1160 2263 1248 2349 quod
1270 2265 1418 2349 sequitur

272 2370 366 2444 ‘quid
379 2370 418 2427 sit
431 2371 461 2427 iu
476 2385 513 2427 ea
528 2370 629 2443 lepe‹“
638 2372 819 2445 proletarius
840 2372 961 2429 eiois''
983 2371 1195 2443 interpretere'
1212 2366 1352 2451 pessime
1374 2366 1416 2430 ab

272 2466 455 2532 editoribus
472 2476 548 2531 ante
563 2466 736 2531 Hertzium
757 2476 917 2533 mutatum
935 2474 979 2530 ‘si
992 2473 1047 2540 uis,
1064 2472 1201 2546 interpr?
1223 2468 1266 2531 cf.
1288 2468 1416 2533 Nonius
1511 2518 1515 2522 .

272 2595 304 2656 p.
325 2568 387 2635 155
402 2571 577 2633 ‘Proletario'
589 2576 666 2638 cives
681 2574 855 2634 dicebantur
870 2576 922 2649 qui
935 2576 966 2634 ia
984 2574 1070 2649 paleira
1091 2576 1261 2633 tenuissima
1279 2570 1353 2654 (leg.
1369 2581 1416 2633 te-

271 2671 420 2759 nuissimi)
442 2680 546 2735 erout'
568 2694 596 2736 e.
613 2694 644 2759 q.
661 2694 685 2735 s.
708 2672 872 2757 descripta
888 2672 928 2735 de
945 2670 1045 2737 Gellii
1061 2671 1132 2737 loco
1148 2672 1178 2736 V
1195 2671 1245 2735 10.
1274 2673 1322 2736 At
1342 2692 1415 2735 con·
1488 2725 1495 2733 ,

271 2786 395 2843 tortum
411 2775 616 2841 enuntiatum
633 2780 700 2838 ‘cur'
718 2781 783 2853 quis
799 2780 887 2837 oolel'
910 2774 938 2837 si
953 2774 1162 2859 probaretur,
1178 2773 1298 2838 vitiose
1315 2779 1415 2851 ‘quis’

272 2879 456 2944 efferretur:
474 2877 608 2965 probari
625 2886 733 2941 autem
748 2898 806 2963 per
827 2876 860 2940 id
881 2876 990 2961 ipsum
1012 2873 1185 2955 nonlicet,
1208 2874 1361 2960 quoniam
1382 2876 1416 2937 in

272 3003 310 3047 eo
325 2982 393 3069 qui
408 2978 533 3046 vindex
547 3002 618 3043 esse
634 2979 768 3061 debeat,
784 3001 850 3043 non
871 2978 934 3043 oui
955 2977 1074 3042 debeat
1087 3016 1129 3023 —-
1150 2978 1186 3049 id
1205 2977 1292 3040 enim
1313 2977 1415 3041 abun-

272 3084 330 3149 dat
345 3092 422 3170 post
435 3088 618 3162 ‘proletario'
632 3108 675 3130 -’
690 3082 756 3145 iam
779 3102 906 3145 summa
926 3080 977 3144 vis
993 3080 1101 3165 posita
1117 3088 1176 3143 est.
1206 3078 1415 3144 Probabilius

272 3185 375 3271 igitur
395 3185 434 3250 0.
456 3182 633 3248 Muellerus
656 3185 691 3247 in
711 3184 798 3249 Mus.
819 3186 868 3246 rh.
889 3184 952 3246 iur.
974 3182 1004 3245 V
1026 3204 1057 3267 p.
1076 3180 1137 3243 192
1157 3180 1416 3245 Rittershusium

273 3310 316 3385 e}
330 3296 423 3373 parte
439 3296 570 3351 secutus
587 3286 756 3350 substituit
767 3290 946 3349 ‘Proletario
960 3291 1019 3347 iura
1031 3289 1135 3361 quiqui
1147 3288 1247 3346 eiois':
1263 3282 1360 3349 modo
1375 3306 1416 3347 ne

273 3388 348 3453 huic
370 3410 497 3475 quoque
518 3388 666 3453 obstaret
688 3388 776 3473 quod
797 3386 915 3452 deinde
936 3385 1083 3469 iungitur
1104 3388 1300 3464 ‘proletarius
1321 3391 1417 3450 ciris!

272 3490 396 3555 Verum
419 3490 597 3577 simplicior
619 3488 803 3555 emendatio
826 3490 1035 3575 inpromptu
1057 3496 1118 3551 est.
1149 3487 1311 3553 Nimirum
1332 3493 1416 3553 ‘cui'

274 3594 345 3658 sive
360 3592 465 3659 mavis
481 3601 555 3679 post
570 3595 662 3656 ‘ciui'
683 3591 765 3655 male
786 3614 857 3656 esse
878 3590 1056 3679 repetitum
1079 3590 1164 3670 sive,
1187 3600 1224 3653 ut
1245 3594 1344 3668 ‘quis’
1360 3590 1415 3654 ha-

273 3696 362 3772 beat,
386 3718 449 3781 quo
470 3694 646 3777 referatur,
668 3693 832 3775 additum,
855 3694 1030 3759 delendum
1052 3702 1116 3757 est:
1139 3703 1176 3756 ut
1195 3692 1413 3778 relinquatur:

273 3805 448 3877 ‘proletario
467 3804 526 3861 iam
548 3804 607 3861 ciui
626 3804 710 3875 quis
730 3804 827 3861 uolet
846 3802 960 3861 uindex
981 3804 1062 3860 esta’
1092 3795 1245 3879 Namque
1268 3795 1356 3879 quod
1381 3795 1415 3857 in

274 3900 404 3965 serioris
420 3900 539 3965 aetatis
560 3898 687 3985 legibus
709 3898 897 3985 frequenter
917 3923 978 3963 usu
1000 3897 1090 3962 venit
1111 3902 1180 3974 ‘qui
1198 3902 1288 3959 uolel'
1308 3935 1351 3943 -
1371 3896 1416 3959 cf.

272 4002 355 4067 Tab.
368 4002 464 4067 Bant.
483 4002 550 4067 v.9
572 4008 655 4065 ‘eam
674 4007 833 4081 pequaiarn
855 4008 923 4081 quei
942 4009 1017 4065 volet
1035 4006 1232 4077 mopirtralus'
1252 4004 1416 4075 euripila,-

273 4104 343 4169 Lex
355 4104 416 4169 Iul.
426 4126 516 4169 mun.
529 4128 561 4168 v.
570 4103 619 4167 19.
633 4104 683 4167 93.
699 4104 769 4167 107.
788 4102 858 4169 125.
877 4104 938 4167 140
952 4109 1085 4181 ‘eiusque
1097 4107 1246 4180 pecuniae
1261 4106 1330 4177 quei
1342 4107 1418 4163 uolet

231 4232 233 4237 ·
272 4213 372 4285 petitio
392 4213 478 4281 esto’,
494 4206 566 4295 Lex
580 4204 729 4270 Mamilia
750 4212 971 4283 ‘pecuniaeque
991 4211 1045 4283 qui
1059 4210 1134 4267 uolet
1151 4208 1253 4280 petitio
1273 4206 1332 4264 liae
1351 4208 1416 4279 leae

273 4318 346 4371 eslo'
364 4307 437 4371 sim.
458 4308 493 4371 in
513 4309 599 4372 Aere
621 4308 768 4393 Salpens
793 4317 826 4371 et
846 4306 991 4371 Malaoit.
1014 4304 1056 4369 al.
1077 4304 1174 4367 -id
1196 4304 1305 4389 prisco
1327 4325 1416 4367 more

274 4416 348 4489 ‘quis
363 4417 448 4475 uolet'
465 4411 650 4475 dicebatur:
668 4418 705 4473 ut
720 4418 769 4473 est
784 4408 818 4471 in
836 4407 989 4473 Siliorum
1011 4407 1051 4471 dc
1073 4406 1272 4493 ponderibus
1294 4404 1415 4491 plebei-

275 4512 354 4577 scito
372 4534 424 4597 ap.
440 4512 575 4576 Festum
590 4534 622 4597 p.
639 4510 700 4575 246
716 4518 792 4574 ‘eura
808 4532 852 4589 qu
860 4516 889 4573 is
904 4517 1005 4574 volet
1017 4516 1210 4587 mapislralus
1223 4514 1351 4571 milliare
1363 4556 1371 4571 .
1385 4553 1416 4571 ..

275 4620 379 4678 liceto?

359 4716 501 4783 Omnino
526 4735 591 4781 non
618 4716 698 4781 satis
724 4714 832 4782 adhuc
855 4714 1050 4782 observatus
1081 4721 1132 4777 est
1157 4711 1310 4800 antiquus
1336 4732 1415 4777 usus
