3709 5634
412 626 473 691 140
710 658 716 670 ·
829 642 968 689 11111111
989 643 1050 689 vn.
1072 644 1148 689 vm.

410 796 501 860 dato.
535 794 634 875 Quod
650 803 784 859 cauetur
799 793 931 879 quidem
953 795 1053 860 etiam
1074 795 1147 880 lege
1164 794 1338 861 duodecim
1356 795 1550 869 tabularum,

410 907 522 962 tamen
533 906 619 963 recte
632 896 753 961 dicitur
764 905 797 961 et
807 896 877 961 iure
887 897 1047 981 gentium,
1058 896 1093 961 id
1103 906 1154 963 est
1163 897 1236 961 iure
1245 896 1389 963 naturali
1397 896 1432 962 id
1444 897 1551 964 effici!

957 999 1008 1064 12.
1130 993 1135 1005 ’

496 1100 657 1185 leianus
674 1100 716 1163 fr.
732 1101 813 1166 114.
835 1100 916 1167 ‘Sub
938 1101 1001 1165 hac
1023 1101 1211 1169 conditione
1230 1100 1315 1167 liber
1337 1122 1411 1166 esse
1427 1103 1549 1166 iussus:

411 1202 464 1267 ‘si
486 1202 622 1267 decem
644 1202 756 1267 milia
776 1202 919 1267 heredi
941 1202 1134 1286 dederit',
1156 1204 1220 1269 etsi
1234 1203 1277 1268 ab
1291 1202 1412 1269 herede
1431 1202 1552 1269 abalie-

410 1313 506 1369 natus
523 1306 583 1385 sit,
607 1306 747 1391 emptori
768 1304 876 1369 dando
897 1306 1072 1391 pecuniam
1094 1306 1138 1370 ad
1159 1305 1346 1372 libertatem
1366 1306 1550 1393 perueniat:

410 1406 509 1493 idque
530 1406 586 1471 lex
608 1406 782 1471 duodecim
803 1406 993 1472 tabularum
1014 1408 1131 1473 iubet?

829 1542 1016 1608 TABVLA
1036 1542 1132 1608 VIII.

494 1765 610 1831 Cicero
633 1766 673 1830 de
696 1763 836 1852 Republ.
859 1764 909 1829 IV
932 1664 1062 1851 1211111.
1084 1765 1310 1849 Augustinum
1332 1763 1374 1829 de
1395 1764 1470 1830 cin.
1492 1766 1554 1830 Dei

409 1869 446 1935 Π
468 1866 513 1952 9).
536 1866 691 1931 ‘Nostrae
713 1876 830 1932 contra
851 1866 1023 1931 duodecim
1045 1866 1179 1932 tabulae
1200 1889 1276 1931 cum
1296 1890 1481 1954 perpaucas
1502 1890 1554 1932 res

409 1972 517 2057 capite
532 1970 735 2051 sanxissent,
753 1970 787 2033 in
801 1969 853 2032 his
869 1968 1096 2055 huncquoque
1111 1969 1324 2034 sanciendam
1337 1978 1552 2057 putauerunt:

410 2074 445 2136 si
480 2072 568 2158 quis
614 2070 919 2137 occentauisset
960 2071 1047 2135 siue
1087 2092 1246 2135 carmen
1283 2072 1553 2155 condidisset,

409 2174 512 2260 quod
533 2174 744 2238 infamiam
765 2172 922 2239 faceret
942 2173 1209 2257 flagitiumue
1230 2172 1384 2239 alteri!

495 2274 658 2340 Cornutus
681 2276 724 2339 ad
746 2276 852 2341 Persii
872 2263 935 2340 sat.
957 2277 977 2340 I
999 2276 1115 2361 1231).
1137 2276 1201 2340 276
1223 2274 1317 2340 Iahn.
1341 2312 1385 2325 —
1408 2279 1555 2363 ‘propter

410 2376 499 2464 quod
519 2376 593 2461 lege
614 2376 686 2440 XII
706 2376 894 2442 tabularum
915 2386 1049 2441 cautum
1070 2387 1136 2457 est,
1163 2386 1201 2443 ut
1228 2378 1374 2443 fustibus
1401 2376 1555 2443 feriretur

409 2480 467 2565 qui
488 2477 620 2565 publice
642 2478 883 2544 inuehebatur.’

479 2655 520 2702 12.
538 2652 706 2718 Pomponius
724 2652 744 2705 1.
757 2651 850 2703 XVIII
869 2652 905 2703 ad
918 2653 952 2715 Q.
965 2654 1097 2705 Mucium.
1113 2653 1150 2703 Ι).
1162 2656 1204 2716 40,
1218 2653 1243 2715 7,
1257 2656 1290 2705 29
1302 2654 1346 2714 §1
1365 2652 1555 2705 18111111111-

409 2754 482 2788 mum
501 2741 558 2801 est,
577 2737 651 2803 quod
674 2726 703 2787 et
719 2735 813 2787 Aristo
832 2736 914 2787 Celso
936 2738 1094 2802 rescripsit,
1111 2753 1193 2803 posse
1217 2738 1279 2787 dari
1295 2740 1444 2804 pecuniam
1460 2738 1555 2789 heredi

410 2823 446 2872 ab
463 2823 613 2887 intestato,
632 2820 784 2873 secundum
802 2837 883 2885 quem
900 2823 1041 2872 sententia
1059 2822 1138 2872 dicta
1156 2828 1212 2873 est:
1231 2824 1362 2887 quoniam
1378 2823 1426 2873 Iex
1441 2824 1498 2874 XII
1514 2828 1554 2874 ta-

409 2906 535 2957 bularum
554 2907 739 2973 emptionis
755 2906 842 2956 uerbo
854 2922 962 2957 omnem
975 2907 1174 2957 alienationem
1186 2908 1331 2973 complexa
1341 2908 1487 2959 uideretur
1503 2925 1554 2959 nec

408 2992 559 3042 interesset
577 3004 630 3055 quo
648 3007 751 3057 genere
770 2992 885 3057 quisque
904 2990 1029 3042 dominus
1047 2991 1107 3041 eius
1118 2991 1212 3056 fieret,
1230 2992 1339 3044 etideo
1356 2994 1554 3060 huncquoque

411 3094 445 3127 ea
460 3077 525 3142 lege
543 3077 689 3138 contineri,
708 3068 858 3127 secundum
877 3092 959 3140 quem
976 3078 1118 3127 sententia
1134 3076 1211 3127 dicta
1228 3082 1279 3137 est,
1299 3084 1328 3129 et
1344 3078 1466 3129 liberum
1482 3080 1554 3129 futu·

410 3177 470 3211 rum
488 3178 550 3211 eum
568 3162 615 3227 qui
634 3162 661 3211 ei
679 3161 804 3213 dedisset
820 3162 988 3227 pecuniam!
1021 3162 1196 3212 Modestinus
1218 3163 1239 3213 I.
1260 3163 1302 3213 IX
1320 3162 1553 3216 differentiarum.

409 3246 449 3295 ib.
467 3248 500 3295 25
519 3245 716 3297 ‘Statuliberos
733 3247 888 3297 venundari
904 3262 987 3311 posse
1005 3247 1081 3311 leges
1099 3247 1246 3297 duodecim
1262 3248 1422 3299 tabularum
1439 3255 1553 3315 putaue-

410 3334 495 3380 runt!
525 3332 568 3380 cf.
586 3332 688 3382 Festus
705 3348 732 3396 p.
751 3332 856 3381 31411.
875 3331 1038 3380 Statuliber.

478 3416 548 3465 VIII
566 3418 590 3464 1.
609 3414 670 3469 Cic.
688 3417 772 3465 Tusc.
789 3416 829 3465 IV
846 3418 873 3480 2,
891 3418 908 3465 4
926 3416 1110 3481 ‘Quamquam
1127 3417 1157 3465 id
1175 3415 1288 3480 quidem
1305 3418 1391 3468 etiarn
1408 3416 1554 3469 duodecim

411 3498 527 3549 tabulae
545 3498 690 3549 declarant
707 3500 787 3549 condi
804 3500 860 3549 iam
878 3504 936 3549 tum
955 3500 1066 3550 solitum
1085 3516 1147 3550 esse
1165 3516 1290 3550 carmen:
1313 3501 1386 3567 quod
1402 3517 1439 3551 11
1457 3500 1555 3553 liceret

412 3584 474 3633 fieri
492 3583 527 3632 ad
546 3583 661 3635 alterius
679 3585 808 3634 iniuriam
825 3558 888 3651 lige
907 3588 1079 3634 sanxerunt'
1113 3586 1252 3635 Amobius
1270 3586 1334 3636 adu.
1351 3585 1450 3652 gentes
1467 3587 1508 3636 IV
1523 3588 1555 3638 34

412 3668 543 3719 ‘Carmen
560 3667 662 3718 malum
680 3652 865 3729 conscribere:
884 3684 938 3734 quo
952 3670 1028 3719 fama
1040 3670 1157 3720 alterius
1170 3672 1365 3735 coinquinetur
1382 3677 1412 3721 et
1422 3673 1494 3735 uita,
1508 3671 1556 3722 de·

412 3754 609 3804 cemuiralibus
619 3756 698 3804 scitis
709 3754 830 3805 euadere
840 3755 970 3805 noluistis
982 3756 1106 3820 impuue;
1120 3770 1155 3805 ac
1166 3771 1202 3805 ne
1213 3761 1326 3806 uestras
1335 3772 1418 3806 aures
1432 3757 1554 3807 conuitio

412 3838 516 3903 aliquIs
527 3838 714 3904 petulantiore
726 3839 866 3905 pulsaret,
879 3840 912 3889 de
925 3840 1067 3889 atrocibus
1079 3840 1214 3890 formulas
1226 3842 1410 3891 coustituIstis
1424 3842 1555 3891 iniuriis!

412 3925 511 3975 Horat.
530 3922 589 3975 Sat.
602 3924 631 3973 Π
649 3927 674 3987 1,
692 3926 725 3974 82
738 3939 797 3989 sqq.
814 3924 858 3974 ‘Si
875 3924 950 3974 mala
969 3924 1126 3975 condiderit
1142 3926 1172 3974 in
1190 3940 1271 3989 quem
1289 3927 1351 3989 quia
1370 3927 1497 3976 carmina
1513 3927 1555 3975 ius

413 4014 457 4059 est
473 4008 663 4073 Iudiciumque
683 4025 712 4058 z:
730 4009 811 4071 Esto,
830 4009 855 4058 si
873 4009 935 4074 quis
952 4008 1041 4072 mala,
1060 4010 1111 4060 sed
1126 4010 1201 4059 tona
1216 4011 1242 4059 si
1264 4012 1328 4074 quia
1344 4010 1442 4061 Iudice
1461 4010 1554 4061 condi-

411 4092 484 4143 derit
500 4093 631 4143 Iaudatus
650 4091 791 4143 Caesare?
816 4094 923 4156 siquis
944 4092 1106 4159 opprobriis
1129 4095 1242 4159 111ς1111
1258 4095 1430 4147 Iacerauerit
1446 4097 1555 4161 integer

410 4179 490 4243 ipso?
509 4195 539 4227 τε
557 4176 706 4228 Soluentur
722 4179 780 4228 risu
797 4177 921 4240 tabulae,
939 4183 971 4228 tu
987 4180 1088 4230 missus
1105 4180 1218 4231 abibis.'
1252 4180 1406 4246 Porphyrio
1424 4180 1462 4231 ad
1478 4196 1505 4231 u
1522 4181 1553 4230 81
1581 4186 1590 4202 ·

412 4262 497 4323 ‘Quia
507 4262 571 4327 lege
586 4268 696 4312 cautum
715 4268 789 4325 erat,
807 4278 842 4312 ne
861 4264 923 4327 quIs
940 4264 971 4312 in
988 4278 1154 4328 quemqnam
1170 4265 1338 4315 maledicum
1356 4281 1471 4316 carmen
1488 4266 1553 4316 scri-

411 4346 511 4398 beret)
535 4346 607 4398 Acro
625 4348 660 4397 ad
677 4362 704 4400 1.
722 4349 756 4398 83
773 4348 847 4397 ‘Hoc
865 4348 928 4413 lege
945 4347 1001 4397 xll
1017 4348 1175 4399 tabularum
1192 4354 1303 4399 cautum
1321 4354 1385 4400 est.'
1420 4352 1555 4401 Horatius

412 4430 463 4495 Ep.
476 4430 505 4481 II
522 4432 547 4493 1,
567 4433 615 4481 lta
627 4446 686 4497 sqq.
705 4433 784 4497 ‘quin
801 4433 886 4482 etiam
903 4431 950 4482 lex
963 4432 1113 4499 Poenaque
1130 4434 1191 4485 lata
1206 4434 1279 4485 malo
1298 4450 1369 4499 quae
1387 4435 1478 4485 nollet
1496 4450 1553 4485 car-

411 4514 485 4564 mine
507 4530 671 4580 quemquam
688 4517 831 4567 Descrihi:
849 4521 960 4567 uertere
977 4518 1087 4568 modum
1104 4519 1252 4570 formidine
1269 4520 1352 4571 Iustis
1369 4520 1413 4569 Ad
1424 4522 1497 4571 bene
1514 4520 1554 4569 di-

413 4598 530 4647 cendum
546 4598 795 4665 delectandumque
807 4605 929 4667 poetae)
947 4602 997 4651 ubi
1008 4603 1162 4668 Porphyrio
1179 4604 1370 4654 ‘Fustuarinm
1388 4605 1554 4671 supplicium

413 4682 594 4733 coustitutum
612 4690 673 4739 erat
690 4686 719 4735 iu
737 4690 878 4739 auctorem
896 4687 1046 4738 carminum
1063 4688 1230 4743 iufamium!
1263 4688 1368 4739 Paulus
1380 4694 1451 4739 sent.
1463 4690 1489 4739 V
1500 4689 1554 4756 4,6
