3709 5634
437 650 478 714 68
863 665 977 714 onrvr
999 665 1165 714 rsarrvu.

437 843 468 906 p.
487 820 547 885 195
563 819 642 907 sq.):
660 819 717 905 qui
733 826 765 884 et
780 819 910 903 Gaiano
926 820 1176 901 commentario,
1197 841 1261 906 quo
1277 817 1347 884 solo
1367 819 1486 885 nititur
1500 819 1579 884 haee

437 923 690 1006 argumentatio,
707 945 836 989 omnem
852 923 893 989 de
908 946 949 988 ea
962 946 998 988 re
1013 922 1110 987 fidem
1125 921 1299 1006 abrogavit
1313 931 1347 987 et
1360 922 1450 987 istud
1465 944 1580 1009 aequa-

436 1022 576 1091 bilitatis
592 1024 781 1107 artificium,
798 1048 861 1111 quo
882 1023 937 1090 vel
957 1024 991 1088 in
1014 1024 1098 1089 duas
1113 1035 1277 1090 extremas
1293 1022 1423 1088 tabulas
1443 1024 1497 1089 bis
1513 1024 1581 1111 qui-

436 1148 552 1189 narum
567 1128 754 1192 tabularum
770 1124 998 1214 supplementa
1012 1124 1060 1189 illi
1075 1125 1304 1193 distribuerint
1313 1125 1350 1211 ¹),
1365 1126 1463 1190 nimis
1478 1148 1581 1190 remo

436 1237 506 1293 tum
521 1238 555 1294 et
570 1251 590 1293 a
605 1237 754 1294 vetustae
770 1231 887 1295 aetatis
909 1227 1119 1316 simplicitate
1140 1237 1174 1293 et
1193 1229 1236 1293 ab
1251 1227 1406 1293 universa
1420 1227 1582 1293 Romano·

437 1330 760 1397 rum'eonsuetudine
775 1332 892 1398 merito
907 1331 1007 1395 irrisu
1022 1329 1299 1416 condemnavit.²)
1329 1327 1481 1415 Namque
1496 1330 1583 1394 sieut

422 1434 470 1497 ·in
491 1432 562 1518 lege
583 1432 735 1499 Cornelia
765 1432 806 1498 de
832 1433 901 1497 XX
921 1431 1177 1520 quaestoribus,
1200 1432 1292 1496 euius
1322 1439 1441 1497 octava
1467 1430 1582 1497 tabula

437 1544 602 1621 superstes
630 1545 693 1617 est,
721 1546 754 1601 et
779 1536 814 1599 in
838 1535 910 1621 Iege
932 1534 1060 1601 Rubria
1079 1533 1121 1599 de
1142 1532 1272 1599 Galliae
1299 1533 1413 1619 eisaip.
1435 1533 1581 1614 civitate,

438 1638 529 1701 euius
546 1645 697 1723 quartam
712 1638 888 1719 habemus,
904 1639 953 1703 ita
967 1637 1066 1701 etiam
1081 1636 1116 1699 in
1132 1635 1203 1721 lege
1218 1637 1355 1722 antiqua
1370 1635 1504 1700 tabulae
1517 1657 1580 1700 non

436 1758 573 1825 corpora
599 1738 787 1806 efficiebant
813 1748 870 1805 aut
895 1738 1022 1825 eapite,
1048 1738 1107 1803 sed
1132 1747 1203 1803 erat
1231 1738 1388 1803 continua
1412 1747 1581 1823 tamquam

436 1842 633 1926 paginarum
648 1841 760 1905 series.
776 1853 819 1888 -“
833 1840 910 1927 Ipse
932 1850 1042 1906 tamen
1058 1839 1187 1906 Puehta
1209 1862 1272 1926 quo
1294 1838 1444 1926 exemplo
1463 1839 1580 1925 proba·

436 1953 529 2007 turus
545 1953 596 2008 est
610 1942 791 2009 seeundum
806 1941 955 2009 ordinem
975 1941 1084 2027 legum
1105 1942 1140 2005 in
1156 1964 1352 2028 unaquaque
1373 1940 1489 2007 tabula
1510 1964 1579 2027 per-

439 2044 637 2131 scriptamm
652 2044 819 2110 numerari
839 2044 1042 2110 a'veteribus
1059 2043 1177 2110 solere:
1200 2043 1241 2109 de
1260 2066 1299 2109 eo
1320 2065 1417 2131 quam
1438 2045 1580 2108 maxime

439 2146 566 2213 dubito.
589 2146 694 2212 Extat
708 2146 797 2233 apud
811 2148 948 2212 Festum
963 2169 995 2233 p.
1004 2147 1067 2211 273
1079 2171 1108 2211 v.
1124 2168 1195 2210 rens
1211 2194 1219 2210 .
1236 2194 1244 2210 .
1259 2151 1305 2209 ‘at
1319 2150 1423 2226 Capito
1437 2152 1539 2210 Ateius
1552 2153 1580 2209 in

434 2253 540 2312 eadem
555 2253 674 2327 quidem
695 2255 906 2329 animarent,
929 2254 985 2314 seri
1003 2255 1139 2328 exemplo
1153 2253 1278 2312 adiurat
1297 2237 1578 2328 interpretatorem.

438 2354 552 2413 Numa
569 2356 605 2413 in
620 2356 785 2415 seeundo
801 2354 931 2415 tabula
951 2356 1115 2416 secunda
1129 2358 1210 2429 leae
1229 2358 1266 2415 in
1280 2372 1350 2434 qna
1363 2357 1507 2431 seriptum
1522 2362 1579 2415 est:

438 2456 512 2529 qnid
525 2456 630 2515 Irarum
642 2456 706 2529 snit
718 2439 810 2517 einum
825 2458 921 2517 indici
933 2458 1083 2517 arbitrove
1096 2474 1195 2530 reove,
1210 2474 1245 2517 eo
1260 2458 1323 2517 dies
1337 2456 1484 2531 diffensus
1498 2460 1579 2518 esto!
1687 2477 1688 2536 j

356 2606 361 2611 .
438 2552 505 2617 Ubi
521 2575 596 2617 eum
611 2558 732 2619 ‘Numa'
749 2576 817 2621 vox
833 2538 957 2620 dudum
972 2565 1088 2622 notata
1109 2565 1195 2620 esset
1215 2555 1296 2641 legis
1312 2555 1382 2621 XII
1404 2565 1578 2643 praesepto

375 2695 377 2701 ·
437 2654 521 2719 male
537 2657 704 2743 apposita,
721 2668 790 2723 tum
804 2658 903 2723 etiam
918 2646 1069 2745 proxima
1082 2658 1186 2722 verba
1201 2662 1245 2721 ‘in
1265 2662 1398 2721 secunda
1412 2662 1519 2722 tabule
1531 2679 1579 2721 se-

435 2761 536 2821 cunda
557 2765 637 2836 leye'
659 2782 700 2824 ex
722 2770 835 2827 nostro
858 2762 967 2848 potius
990 2758 1114 2824 citandi
1134 2781 1223 2824 more
1245 2768 1321 2826 sunt
1342 2782 1439 2846 quam
1461 2782 1503 2824 ex
1518 2760 1578 2824 Ro·

435 2883 621 2944 manorum,
645 2862 764 2949 quibus
786 2862 975 2949 ponendum
995 2861 1061 2926 fuit
1083 2868 1124 2925 ‘in
1145 2867 1335 2926 secundae
1354 2866 1506 2926 tabulae
1530 2885 1578 2927 se-

434 2969 536 3027 cunda
550 2972 637 3043 leae?
668 2964 783 3051 Itaque
799 2974 856 3030 aut
870 2964 1055 3052 putaverim
1071 2970 1216 3028 ‘secunda
1234 2970 1311 3043 Ieae'
1327 2962 1494 3050 glossema
1509 2987 1579 3030 esse
1685 3054 1686 3059 γ

435 3064 478 3129 ad
494 3072 637 3130 ‘secanda
652 3070 766 3131 tabnln’
781 3068 948 3148 additum,
970 3075 1027 3131 aut
1048 3071 1215 3130 ‘serenda'
1235 3074 1424 3153 corruptum
1445 3089 1518 3132 esse
1539 3088 1578 3131 ex
1685 3083 1686 3092 ¹

435 3188 568 3233 numero
590 3171 676 3231 XII:
702 3177 738 3232 ut
759 3168 812 3234 vel
832 3170 974 3256 probata
993 3170 1027 3233 in
1048 3169 1164 3234 ceteris
1185 3168 1332 3234 Turnebi
1352 3168 1578 3234 emendatione

436 3268 539 3348 (Adv.
557 3268 660 3335 XVII
676 3270 710 3356 8)
734 3268 898 3337 sententia
918 3272 1137 3337 constituatur
1157 3276 1263 3336 ‘Nam
1278 3279 1308 3336 in
1324 3276 1457 3336 secunda
1478 3277 1579 3335 tabula
1684 3343 1685 3346 Ἴ

435 3374 515 3433 XII
537 3378 549 3435 I
554 3378 632 3447 eois
646 3378 790 3451 scripturn
810 3380 868 3437 est’
889 3371 944 3438 vel
964 3373 993 3437 si
1007 3372 1104 3438 malis
1120 3379 1167 3439 ‘in
1184 3380 1261 3453 qnn’
1278 3375 1420 3456 servari,
1435 3372 1479 3438 ad
1494 3375 1578 3438 bunc

435 3472 504 3535 iere
520 3473 654 3537 modurn
675 3475 870 3539 restituatur
885 3480 936 3539 ‘nt
951 3479 1055 3555 Capito
1071 3481 1172 3542 Ateius
1191 3484 1222 3541 in
1242 3481 1348 3541 eadem
1369 3481 1490 3555 quidem
1511 3483 1578 3557 opi—

436 3580 523 3637 nione
534 3585 584 3649 est,
596 3580 651 3639 sed
662 3583 799 3655 exemplo
811 3582 935 3641 adiuvat
947 3579 1218 3659 interpretationem
1232 3589 1352 3659 sumpt
1356 3598 1374 3641 o
1387 3600 1433 3643 ex
1446 3582 1578 3643 secunda

425 3681 537 3739 'tnInrla
553 3680 634 3739 XII
650 3682 761 3755 leuis,
778 3684 809 3742 in
824 3700 884 3757 qna
899 3687 1123 3760 scriptumest.
1141 3731 1149 3747 .
1168 3690 1189 3747 .’

521 3777 596 3842 Non
617 3780 722 3845 maior
742 3780 840 3864 fides,
861 3782 895 3844 ni
917 3781 1032 3865 fallor,
1055 3782 1150 3848 alteri
1170 3784 1320 3871 exemplo
1341 3783 1494 3854 habenda
1517 3792 1577 3864 est,

435 3900 500 3966 quo
515 3902 600 3943 nune
616 3881 742 3947 citandi
763 3905 832 3948 mos
855 3881 1014 3949 illustrari
1038 3884 1133 3950 solet.
1163 3887 1226 3951 Est
1241 3886 1340 3951 Gellii
1355 3886 1445 3952 loeus
1463 3886 1532 3952 XX
1549 3887 1563 3948 1
1568 3934 1576 3966 ,

434 3982 476 4044 25
492 4004 588 4068 quem
603 4005 708 4069 nuper
722 3984 879 4050 Hertzius
895 4008 938 4050 ex
952 3986 1048 4071 Regii
1063 3995 1097 4050 et
1111 3986 1268 4053 Vossiani
1288 3988 1422 4052 maioris
1438 3987 1576 4053 auetori-

434 4092 504 4147 tate
524 4083 572 4147 ita
593 4081 696 4149 dedit:
721 4090 796 4150 ‘Sed
814 4108 871 4163 onr
890 4094 944 4151 tibi
962 4109 1025 4151 esse
1046 4095 1109 4152 visa
1129 4102 1173 4153 est
1192 4096 1359 4154 inhumana
1378 4098 1429 4154 Iex
1449 4096 1576 4154 omniurn
1681 4125 1682 4156 t

434 4205 500 4247 rnen
515 4190 633 4263 qrtidem
648 4194 792 4251 sententia
806 4193 1036 4253 humanissima:
1051 4211 1128 4269 qnae
1143 4198 1301 4256 iumentum
1317 4197 1389 4255 dari
1399 4196 1478 4257 iubet
1486 4211 1576 4270 aearo

434 4296 488 4349 aut
500 4292 566 4349 seni
585 4293 615 4350 in
636 4294 682 4353 Ins
696 4288 819 4355 noento?
856 4296 954 4355 Verba
967 4304 1037 4356 sunt
1050 4298 1125 4357 Iraee
1139 4301 1213 4371 leuis
1228 4300 1285 4357 “si
1303 4301 1334 4358 in
1349 4300 1396 4357 ins
1411 4297 1575 4377 eoram?

505 4543 524 4610 ¹)
542 4546 603 4595 Hoc
629 4550 704 4599 certe
723 4555 904 4601 commentum
927 4567 981 4601 uno
1004 4552 1139 4603 Macrobii
1162 4552 1195 4603 de
1219 4554 1353 4605 Iustorum
1378 4552 1477 4604 tabula
1498 4552 1574 4603 testi·
1679 4583 1680 4586 =

435 4630 526 4679 monio
546 4630 675 4681 concidit.
743 4679 745 4688 ,

502 4713 523 4780 ²)
544 4716 580 4768 oi.
595 4716 679 4767 etiarn
692 4719 848 4771 Rtrdorffius
861 4722 896 4776 H,
910 4722 927 4773 i.
942 4737 963 4772 r.
976 4723 989 4772 1
1006 4723 1065 4774 261.
1094 4723 1193 4776 Annei.
1210 4726 1261 4775 iur.
1275 4725 1409 4777 historiae
1424 4726 1465 4776 III
1479 4742 1506 4793 p.
1519 4725 1574 4777 181.
