3709 5634
477 684 479 688 .
549 649 597 698 ou
619 646 804 698 ovonrcm
826 648 1040 698 rnnvunnvu
1062 645 1234 698 usnemu.
1425 635 1463 698 17

308 813 352 868 *to
377 825 483 890 usque
508 803 552 868 ad
578 803 663 868 sexti
680 803 817 870 initium
826 802 852 889 ¹)
873 827 916 871 ex
937 804 1058 890 scripto
1081 803 1122 868 de
1142 803 1379 890 gubernatione
1400 804 1465 869 Dei

318 904 412 971 locus
427 907 515 972 VIII
529 907 551 971 5
566 909 666 969 ‘Intro
683 911 894 986 Ourttopinem
914 926 984 971 uero
1004 927 1155 986 oppenere
1175 914 1206 971 tn
1219 913 1328 987 pluteis
1341 917 1370 970 et
1382 927 1465 971 eom-

312 1013 389 1086 pitis
403 1013 461 1072 nee·
476 1030 575 1073 seruos
588 1016 652 1073 stne
665 1016 842 1074 contumelio
857 1020 945 1088 utque
960 1015 1150 1079 execratione
1166 1017 1216 1074 utu
1231 1015 1322 1076 licuit.
1355 1013 1464 1073 Perse-

317 1116 466 1174 euu‘onem
481 1116 536 1175 hoe
551 1117 669 1192 quidem
681 1117 779 1189 suesce
793 1134 852 1177 uon
865 1123 986 1193 putent,
1010 1117 1080 1190 quin
1102 1131 1161 1176 uon
1176 1121 1207 1175 et
1218 1119 1308 1178 occist
1321 1125 1389 1176 sunt
1404 1161 1412 1177 .

316 1216 384 1277 Seu
401 1219 432 1277 tn
452 1219 543 1278 urbe
566 1221 636 1278 illu
660 1235 718 1278 non
740 1226 800 1279 tum
820 1221 970 1279 hominum
987 1218 1116 1290 fuerumt
1129 1218 1204 1278 nnec
1219 1219 1359 1292 beneficio
1375 1233 1464 1293 quum
1537 1238 1539 1243 ¹

315 1322 450 1394 tenum.
494 1320 631 1394 Inurfiei
654 1324 732 1383 enim
760 1325 960 1383 indemnatum
984 1337 1186 1396 quemcunque
1212 1322 1356 1381 nominem
1377 1323 1465 1381 etium

316 1421 405 1480 XII
421 1423 636 1484 tabularum
658 1426 818 1485 decretu
839 1430 1003 1485 uetuerunt.
1040 1423 1078 1483 In
1100 1439 1157 1498 quo
1177 1426 1363 1499 agnoscitur,
1387 1422 1467 1498 quod

316 1540 433 1599 moene
448 1527 511 1586 illic
521 1516 736 1603 procreentur
753 1528 921 1589 dominicae
937 1529 1088 1601 reliquus
1100 1525 1178 1598 suit:
1200 1527 1252 1586 ube·
1271 1527 1337 1586 ideo
1352 1531 1465 1586 tuntum

316 1630 413 1688 serus
431 1629 489 1690 Dei
506 1632 593 1692 lteue't
610 1631 750 1697 euadere,
776 1635 848 1707 nutu
868 1649 887 1691 u
901 1645 1056 1708 popano
1076 1632 1159 1690 ture
1180 1629 1299 1703 defensi
1317 1634 1399 1702 sunt,
1427 1647 1465 1689 ne

320 1733 559 1794 Christianorum
567 1736 703 1806 manibus·
714 1735 1010 1808 trucidarentur,’.--
1024 1730 1090 1796 Hic
1101 1740 1209 1796 autem
1222 1753 1326 1817 neque
1336 1731 1464 1796 ‘urbem
1566 1718 1568 1722 ’

318 1831 425 1897 illam'
441 1831 539 1922 aliam
553 1855 627 1926 esse
641 1833 706 1897 nisi
722 1832 954 1919 Carthaginem
970 1857 1092 1920 neque,
1104 1825 1161 1899 'ibi
1183 1855 1267 1919 quae
1288 1831 1464 1913 valuerint,

317 1933 394 1999 XII
408 1917 594 2001 tahularum
614 1936 745 2001 decreta
760 1937 826 2001 alia
839 1936 906 2000 nisi
922 1936 1155 2003 decemviralia
1170 1936 1388 2001 certissimum
1404 1946 1465 2001 est.
1556 1950 1575 2018 f

317 2036 439 2124 Itaque
459 2049 598 2125 utroque
619 2037 706 2121 loco,
732 2050 770 2104 ut
789 2061 850 2125 par
871 2048 936 2120 est,
963 2039 997 2102 in
1019 2061 1152 2116 censum
1173 2047 1292 2104 vocato
1314 2039 1380 2102 iam
1400 2060 1466 2102 non

316 2138 398 2204 licet
418 2140 585 2223 dubitare,
608 2142 688 2228 quin
708 2140 904 2226 Carthagini
916 2141 987 2206 XII
1002 2139 1133 2206 tabulae
1154 2143 1267 2227 quinto
1284 2141 1382 2206 etiam
1397 2162 1465 2206 sae-

318 2239 396 2306 culo
416 2241 540 2309 fuerint
559 2245 594 2308 in
614 2244 685 2310 foro
705 2244 839 2309 affixae.
876 2243 969 2326 Quae
984 2266 1036 2308 res
1053 2255 1091 2310 ut
1106 2244 1278 2332 exploratu
1293 2243 1404 2309 facilis
1417 2252 1467 2308 est
1573 2300 1575 2304 .

319 2345 372 2410 ita
387 2345 552 2431 explicatu
568 2345 771 2412 difficillima.
801 2346 970 2411 Incautius
986 2347 1073 2412 enim
1088 2357 1166 2432 agat
1186 2347 1316 2433 opinor,
1345 2347 1373 2410 si
1393 2345 1466 2433 quis
1560 2363 1576 2412 ’.

317 2447 400 2512 inde
421 2449 533 2514 statim
553 2449 677 2515 efficiat
695 2449 792 2512 huno·
803 2458 1006 2516 constantem
1025 2468 1120 2513 usum
1140 2449 1242 2514 fuisse
1263 2449 1383 2536 populo
1396 2449 1466 2516 Ro·

318 2571 435 2633 mano,
456 2561 494 2616 ut
517 2552 568 2616 ius
590 2553 759 2638 antiquum
781 2560 879 2638 atque
899 2575 942 2617 ex
959 2560 1054 2638 parte
1071 2551 1256 2618 obsoletum
1271 2553 1305 2615 in
1321 2549 1465 2616 colonias

318 2673 451 2739 quoqne
466 2660 729 2741 transportarent
743 2654 778 2743 in
792 2675 849 2718 aes
864 2653 1018 2718 incisum:
1043 2653 1078 2719 id
1100 2655 1189 2740 quod
1208 2677 1249 2725 ne
1264 2653 1382 2718 umbra
1396 2653 1466 2739 qui·

319 2754 398 2819 dem
411 2757 596 2839 argumenti
611 2755 744 2821 aliunde
758 2756 854 2842 petiti
868 2756 994 2822 nititur.
1025 2759 1072 2822 At
1086 2767 1201 2824 notum
1217 2766 1267 2823 est
1281 2756 1316 2820 in
1331 2754 1467 2820 Cartha·

318 2857 406 2943 ginis
428 2857 555 2923 deletae
576 2867 692 2945 atque,
718 2880 760 2922 ne
779 2881 935 2944 umquam
961 2859 1171 2942 incoleretur,
1199 2859 1338 2926 devotae
1358 2856 1467 2922 locum

318 2980 442 3025 novam
465 2959 626 3026 coloniam
646 2983 666 3026 a
687 2960 724 3026 C.
740 2960 888 3027 Graccho
910 2961 1027 3026 deduci
1049 2972 1198 3048 coeptam
1219 2971 1295 3048 post
1315 2983 1467 3048 repressa

320 3063 393 3127 eius
414 3062 552 3128 consilia
573 3064 723 3147 Augusto
746 3061 879 3128 demum
898 3064 1079 3150 imperante
1099 3085 1128 3128 a.
1151 3087 1183 3129 u.
1206 3063 1399 3139 DCCXXV
1420 3062 1465 3146 (a.

320 3164 400 3230 Chr.
416 3164 555 3250 XXIX)
570 3166 685 3251 reapse
701 3164 868 3242 conditam
883 3187 971 3231 esse:
994 3187 1079 3252 quae
1099 3175 1210 3232 tamen
1231 3173 1269 3231 ut
1282 3165 1389 3252 prima
1403 3164 1466 3228 Ro-

319 3287 493 3333 manorum
506 3275 603 3332 extra
617 3266 749 3333 Italiam
764 3255 1072 3334 colonia'cclobrata
1086 3277 1147 3332 est.
1164 3267 1205 3332 of.
1221 3266 1367 3332 Velleius
1382 3266 1400 3330 I
1417 3265 1467 3330 15.

321 3369 395 3435 117
411 3367 493 3454 (15).
521 3364 637 3434 Potuit
651 3369 753 3454 igitur
768 3371 854 3452 fieri,
875 3381 912 3436 ut
933 3369 1093 3455 singulari
1112 3369 1210 3434 huius
1231 3368 1379 3436 coloniae
1394 3389 1468 3433 con-

322 3470 454 3536 dicione
469 3469 552 3556 legis
568 3472 602 3535 in
617 3494 737 3537 novam
750 3473 918 3538 civitatem
931 3471 1096 3538 sollemnis
1107 3472 1250 3558 receptio
1263 3471 1467 3538 commenda-

320 3582 429 3638 retur:
445 3582 521 3637 utut
540 3595 592 3638 res
615 3574 779 3657 sehabet,
797 3575 859 3639 hoo
873 3574 1006 3661 quidem
1021 3597 1116 3640 nemo
1132 3573 1267 3660 negabit
1280 3573 1370 3640 istud
1385 3571 1467 3658 legis

322 3673 493 3761 exemplar
514 3697 580 3740 non
601 3697 679 3740 sane
700 3685 867 3742 vetustum
888 3675 991 3740 fuisse
1007 3697 1066 3740 nec
1083 3676 1252 3742 diversum
1268 3676 1309 3741 ab
1325 3676 1372 3740 eis
1390 3695 1467 3760 quo-

320 3799 400 3842 rum
414 3777 600 3862 fragmenta
613 3777 709 3843 nobis
725 3800 853 3864 quoque
866 3779 1086 3844 innotuerunt.
1117 3778 1188 3844 Iam
1207 3799 1285 3844 vero
1306 3799 1379 3842 oum
1394 3774 1468 3840 aliis

322 3900 365 3944 ea
380 3879 471 3945 dere
492 3879 688 3945 testimoniis
709 3877 806 3965 plane
827 3879 977 3946 destituti
998 3881 1116 3962 simus,
1140 3903 1183 3945 ne
1206 3880 1242 3944 id
1262 3877 1395 3966 quidem
1415 3876 1468 3941 de·

322 3982 417 4046 cerni
438 3982 576 4068 poterit,
598 3980 754 4069 quamdiu
774 3980 967 4068 Carthagini
988 3982 1043 4047 lex
1059 3982 1220 4047 extiterit:
1246 4003 1345 4069 quam
1359 3990 1470 4044 tamen

322 4083 505 4150 verisimile
524 4083 658 4149 videtur
678 4085 766 4153 intra
785 4106 888 4151 annos
908 4083 1100 4151 IOCXCIII
1122 4093 1155 4150 et
1175 4080 1399 4149 IOCXCVIII
1414 4079 1467 4144 de·

321 4207 416 4249 mum
429 4184 511 4250 urbe
526 4186 569 4251 ab
582 4187 749 4253 Arabibus
761 4187 928 4271 acerrimis
940 4182 1223 4254 monumentorum
1235 4183 1469 4250 litterariorum

321 4287 466 4352 inimicis
480 4286 661 4354 identidem
675 4297 773 4376 capta
786 4289 962 4355 interiisse.

394 4545 416 4613 ¹)
434 4547 504 4599 Nam
522 4549 647 4614 quicum
666 4563 690 4600 a.
707 4550 758 4602 485
776 4549 872 4601 dicunt
888 4553 1024 4602 mortuum
1043 4565 1104 4600 esse
1123 4549 1171 4613 (ct.
1184 4547 1339 4600 Dirkeonus
1357 4547 1468 4611 Fragm.

321 4630 381 4682 XII
398 4632 476 4683 tabb.
495 4649 522 4698 p.
539 4635 556 4684 4
572 4649 600 4686 n.
612 4634 654 4697 4⁸)
672 4651 727 4686 non
744 4637 926 4686 memmerunt
944 4637 973 4685 in
986 4633 1124 4685 Gennadii
1142 4633 1175 4683 de
1193 4633 1261 4686 virts
1279 4633 1381 4683 illustr.
1398 4630 1469 4680 libro

324 4733 352 4768 a.
371 4718 423 4768 496
441 4717 515 4769 edito
533 4717 567 4770 de
585 4719 718 4772 Salviano
736 4719 791 4771 diei
810 4737 834 4774 c.
852 4722 886 4772 94
904 4720 988 4770 ‘Viuit
1004 4736 1082 4786 usque
1100 4720 1174 4770 hodie
1192 4721 1218 4769 in
1235 4723 1367 4770 senectute
1384 4716 1469 4766 honu’

379 4806 500 4872 Schoell3
521 4809 586 4862 Legit
600 4810 640 4852 Xll
653 4813 698 4854 tab.
713 4810 775 4864 reliq,
1063 4831 1066 4838 ι
1247 4800 1267 4864 2
