3709 5634
445 672 491 721 na
514 673 564 719 xu
588 672 800 721 rsavnsavu
824 674 1002 736 annrqvns
1024 675 1270 728 counrosunrs.
1388 663 1430 729 69

298 830 391 893 Verba
405 838 474 893 sunt
487 832 562 892 luceo
577 832 615 891 de
628 834 693 907 leffe
709 834 761 893 “si
774 835 805 893 in
826 836 872 893 ius
887 844 986 909 vocat,
1007 839 1035 897 si
1053 834 1172 897 morbae
1187 879 1196 895 .
1213 879 1221 896 .
1239 880 1247 896 .
1265 840 1297 896 .''
1313 856 1351 899 eo
1367 836 1428 899 sci-

290 930 365 996 lieet
380 928 532 1013 consilio,
548 940 585 995 ut
600 930 692 1015 prior
705 952 782 1017 pars
797 933 951 997 universe
971 932 1078 1019 ipsam
1097 932 1204 1019 legem
1219 934 1290 1000 XII
1306 936 1428 1022 signifi-

290 1045 354 1116 cet,
370 1056 468 1120 quam
483 1033 525 1099 ab
541 1034 590 1097 his
606 1032 718 1099 verbis
734 1024 899 1120 incepisse
918 1034 1090 1121 probabile
1106 1046 1173 1118 est,
1194 1034 1298 1102 altera
1319 1038 1428 1123 singu·

289 1136 355 1202 lare
381 1146 589 1223 praeceptum
615 1134 809 1200 introducat.
847 1136 890 1201 cf.
916 1136 1018 1201 etiam
1045 1134 1214 1203 Vahlenus
1245 1139 1281 1202 in
1306 1141 1427 1204 Annal.

289 1261 398 1326 gymn.
422 1239 587 1311 Austriac.
605 1237 687 1302 1860
707 1236 775 1325 p.5
796 1260 843 1324 sq.
875 1238 922 1303 At
942 1237 1004 1304 hoc
1025 1238 1097 1324 quis
1126 1239 1239 1305 credat
1264 1250 1430 1307 structura

288 1362 418 1427 prorsus
438 1338 617 1425 ineleganti
636 1350 735 1427 atque
752 1350 883 1425 praeter
903 1342 1065 1405 rationem
1084 1339 1210 1407 efficta:
1237 1348 1340 1407 ‘verbo
1360 1356 1430 1408 runt

288 1448 360 1509 laec
374 1449 448 1522 lepis
463 1480 504 1489 -
519 1446 609 1507 verba
628 1452 698 1506 sunt
716 1447 791 1507 baec
806 1448 843 1507 de
862 1450 946 1521 leqe’
972 1464 1165 1529 expressum
1185 1445 1314 1512 fuisse?
1341 1445 1428 1511 Nam

288 1568 359 1611 cum
373 1545 464 1631 prius
480 1550 525 1609 ‘si
537 1551 567 1608 in
583 1551 628 1609 ins
642 1551 743 1609 vocat’
765 1544 991 1611 tantummodo
1006 1543 1092 1609 tituli
1106 1545 1179 1610 loeo
1193 1544 1369 1630 habeatur,
1386 1572 1427 1611 ne

288 1647 418 1713 tolerari
433 1646 567 1733 quidem
587 1656 696 1733 potest
716 1648 892 1733 repetitum
908 1652 1016 1713 ‘verba
1036 1661 1105 1711 sant
1118 1652 1194 1713 haec
1213 1655 1320 1727 lepis':
1339 1650 1427 1736 quod

288 1750 327 1817 ab
341 1750 436 1815 initio
452 1750 564 1814 statim
580 1749 622 1814 ad
637 1750 772 1835 propria
786 1749 889 1814 verba
904 1750 1034 1835 exlege
1049 1751 1151 1815 citata
1164 1750 1338 1838 pertineat.
1364 1752 1427 1815 Ne-

288 1874 346 1937 que
361 1852 493 1917 omnino
509 1850 577 1915 ulla
592 1852 662 1919 veri
677 1851 786 1937 specie
798 1850 1053 1929 commendatur,
1068 1875 1142 1917 cum
1157 1853 1277 1919 totiens
1292 1876 1350 1940 per
1365 1852 1428 1917 hoc

288 1952 385 2019 Gellii
400 1962 500 2039 caput
515 1954 731 2041 praecesserit
746 1951 827 2038 legis
843 1954 978 2036 mentio,
994 1954 1060 2019 iam
1075 1964 1242 2042 tamquam
1257 1978 1364 2021 novae
1378 1957 1427 2020 rei

287 2055 445 2123 eiusmodi
475 2056 724 2143 inscriptionem
755 2055 906 2141 proferri.
957 2055 1024 2121 Sed
1055 2057 1153 2140 satis,
1186 2058 1319 2145 opinor,
1353 2059 1428 2143 ipsa

286 2158 388 2223 forma
402 2157 513 2244 prodit
528 2148 720 2223 alterutrum
733 2157 915 2223 membrum
937 2181 980 2224 ex
998 2182 1090 2224 mera
1104 2159 1329 2247 dittographia
1348 2181 1426 2245 pro-

285 2261 404 2325 iectum
425 2282 509 2325 esse.
529 2299 572 2310 -
593 2261 695 2347 Atqui
716 2258 769 2326 vel
789 2268 913 2325 resecto
935 2259 1038 2327 altero
1061 2260 1209 2349 plerique
1230 2259 1428 2338 Gothofredi

287 2364 483 2428 sententiam
497 2362 603 2427 secuti
618 2369 662 2427 ‘si
680 2369 711 2427 in
732 2369 779 2427 ias
799 2369 903 2428 vocat'
919 2372 1010 2427 arcte
1023 2364 1170 2429 iunctum
1184 2387 1259 2430 cum
1275 2368 1331 2427 ‘de
1344 2359 1425 2442 lep&

286 2465 481 2551 principium
501 2463 734 2547 intellexerunt
753 2462 807 2530 vel
822 2464 923 2530 totius
939 2463 1022 2551 legis
1037 2464 1092 2531 vel
1113 2475 1223 2531 certae
1238 2466 1354 2553 partis.
1383 2466 1427 2530 ci.

287 2565 428 2632 Oiselius
451 2566 495 2631 ad
514 2566 536 2630 l.
552 2564 574 2631 l.
605 2565 729 2631 Verum
756 2567 921 2633 enimvero
942 2568 1093 2654 —quod
1119 2568 1185 2633 iam
1205 2590 1310 2655 supra*
1326 2568 1426 2653 signi-

287 2670 379 2735 ficavi
394 2706 438 2717 -
452 2667 701 2735 fundamentum
715 2669 771 2735 isti
787 2668 934 2756 opinioni
949 2669 1139 2736 substruere
1160 2669 1425 2756 supersederunt.

286 2772 367 2837 Nam
382 2770 550 2838 Ciceronis
566 2792 629 2858 quo
645 2781 826 2859 provocant
840 2772 929 2836 loeus
946 2771 987 2835 de
1002 2770 1066 2856 leg.
1081 2770 1163 2854 114,
1179 2771 1200 2835 9
1214 2771 1346 2837 minime
1361 2771 1426 2835 huo

286 2874 380 2957 facit,
396 2896 473 2940 cum
487 2874 523 2938 in
537 2897 592 2939 vv.
611 2881 648 2938 ‘a
658 2880 778 2955 parvis,
796 2877 915 2949 Quinte,
940 2878 1100 2939 didicimus
1120 2876 1179 2938 “si
1196 2880 1229 2938 in
1248 2880 1295 2937 ior
1309 2878 1425 2937 oocnt’'

286 2988 369 3057 oeque
391 2983 471 3041 olias
496 2980 641 3041 eiusmodi
658 2983 738 3055 lepos
763 2974 969 3056 nominare'¹)
990 2996 1056 3038 non
1076 2974 1195 3040 citetur
1213 2974 1345 3056 titulus,
1368 2975 1426 3039 sed

287 3078 470 3167 exemplum
494 3101 537 3143 ex
561 3076 633 3163 lege
659 3076 823 3144 delibetur
846 3100 909 3164 quo
936 3099 1019 3163 quae
1045 3076 1111 3142 sint
1138 3075 1229 3161 leges
1258 3086 1424 3142 noscatur.

286 3179 377 3247 Unde
392 3182 456 3246 etsi
470 3202 537 3246 non
552 3180 621 3243 sine
637 3200 754 3245 caussa
768 3178 974 3245 concluditur
988 3178 1049 3243 hoc
1069 3178 1171 3243 fuisse
1186 3177 1268 3263 legis
1283 3177 1425 3259 initium,

287 3284 360 3368 quia
373 3282 481 3369 prima
495 3281 598 3347 verba
615 3280 854 3367 simplicissime
875 3280 981 3345 solent
1000 3279 1177 3345 memoriae
1198 3301 1368 3346 occurrere
1387 3318 1424 3327 -

287 3384 326 3448 cf.
341 3386 430 3451 idem
439 3384 534 3449 Rhet.
546 3384 589 3449 ad
601 3384 682 3449 Her.
696 3384 731 3448 II
749 3385 798 3465 13,
817 3383 856 3448 19
870 3422 914 3431 -
927 3392 1037 3447 tamen
1052 3382 1187 3469 quaevis
1204 3382 1270 3445 alia
1284 3380 1338 3445 lex
1353 3381 1427 3468 pari

286 3486 377 3553 modo
403 3486 560 3552 substitui
585 3495 726 3573 poterat.
761 3486 878 3573 ltaque
904 3484 962 3550 illa
986 3485 1091 3551 verba
1115 3507 1189 3550 cum
1215 3484 1288 3573 ipsa
1313 3482 1384 3568 lege
1406 3506 1426 3547 a

352 3712 371 3778 ¹)
397 3714 445 3765 lta
474 3711 582 3777 quidem
610 3714 685 3761 recte
714 3701 786 3763 bunc
813 3709 903 3761 locum
932 3710 1079 3760 constituit
1100 3709 1207 3759 Baitios
1236 3725 1269 3760 ex
1292 3709 1425 3760 librorum

289 3798 422 3864 scriptura
445 3803 532 3863 ‘atque
555 3803 583 3846 at
605 3798 659 3846 eius
681 3797 750 3847 modi
766 3798 834 3860 lepos
857 3798 922 3845 adas
940 3798 1032 3848 aom.’:
1051 3810 1113 3844 cum
1130 3797 1179 3843 ‘at’
1197 3794 1345 3859 vestigium
1363 3794 1427 3844 reli-

289 3889 359 3933 ctum
377 3885 415 3933 sit
437 3882 542 3933 veteris
565 3880 769 3947 dittographiae
794 3884 885 3946 ‘atque
909 3882 975 3929 aliar
997 3881 1119 3930 eiusmodi
1139 3883 1208 3944 lepor
1229 3880 1318 3929 alias)
1354 3879 1425 3927 Nam

288 3967 424 4020 Vahlenus
442 3967 461 4017 l.
480 3968 499 4019 l.
519 3967 572 4017 etei
591 3965 662 4032 quod
680 3965 729 4016 ille
748 3969 805 4015 ‘at’
824 3964 893 4015 nihil
913 3963 987 4018 alind
1006 3980 1067 4014 esse
1084 3964 1139 4014 nisi
1157 3960 1220 4014 ‘at’
1240 3963 1258 4015 i.
1279 3979 1303 4016 e.
1327 3966 1425 4012 ‘alias’

287 4052 384 4118 voluit,
401 4055 500 4104 merito
518 4036 636 4116 refellit,
655 4050 727 4102 idem
745 4054 839 4102 tamen
858 4065 919 4100 enm
937 4053 986 4099 ‘at’
1004 4054 1036 4099 ut
1048 4066 1081 4100 ex
1099 4052 1196 4115 ‘atque'
1215 4045 1288 4097 male
1306 4048 1426 4113 repetito

288 4142 373 4188 ortum
391 4138 486 4189 deleat
504 4142 533 4187 et
550 4137 745 4187 attractionem
764 4134 902 4201 quandam
920 4137 1039 4199 statuat,
1064 4148 1126 4198 qua·
1138 4138 1229 4199 ‘atque
1251 4134 1376 4183 ammorii
1390 4135 1425 4182 le-

288 4238 330 4285 pes
346 4225 411 4273 olins
429 4224 569 4274 nominare’
588 4221 616 4271 id
634 4222 771 4287 exprimat
790 4219 861 4285 quod
879 4221 1036 4270 sententiae
1047 4219 1131 4270 unice
1144 4223 1239 4284 aptum
1250 4215 1426 4267 Heindorfiua

288 4307 476 4370 postulaverat
494 4304 535 4373 (in
553 4306 652 4358 Annal.
672 4308 723 4357 iur.
742 4306 843 4359 acient.
861 4304 957 4355 histor.
975 4305 1003 4355 II
1021 4302 1082 4370 435)
1102 4309 1194 4369 ‘atque
1216 4304 1338 4353 ammorii
1358 4305 1426 4366 tepea

289 4393 350 4442 adas
367 4396 435 4457 lepos
452 4392 607 4445 noiretoare':
626 4408 686 4444 eum
705 4407 816 4444 sensum
833 4407 866 4441 ex
888 4390 983 4442 verbis
994 4390 1035 4440 ita
1048 4388 1195 4439 collocatis
1207 4386 1339 4451 quomodo
1352 4388 1427 4451 quis-

290 4489 369 4539 quam
388 4478 484 4529 elieiat
502 4478 592 4529 fateor
609 4493 652 4529 me
671 4477 789 4531 nescire.
824 4477 882 4527 Nae
901 4476 992 4541 ipsum
1010 4474 1096 4540 sugit,
1120 4473 1193 4538 qnod
1211 4471 1365 4538 exemplum
1382 4476 1425 4521 at·

290 4559 352 4611 tulit
369 4562 501 4615 eiusmodi
519 4562 696 4613 attractionis
714 4563 727 4612 l
746 4564 776 4625 6,
798 4564 829 4613 19
852 4575 963 4627 prorsus
981 4559 1065 4611 aliter
1085 4574 1115 4610 se
1133 4559 1247 4612 habere.
1282 4558 1356 4608 Huic
1373 4557 1425 4622 igi-

290 4648 333 4693 tur
348 4646 448 4697 rationi
467 4647 591 4711 quamvis
609 4646 719 4697 Halmio
737 4648 872 4712 probatae
896 4660 952 4697 non
969 4644 1080 4709 dubito,
1104 4645 1170 4718 quin
1187 4641 1371 4711 praeferenda
1387 4642 1426 4693 ait

291 4726 377 4782 altera
395 4732 430 4791 ad
447 4731 613 4783 sententiam
632 4748 703 4801 quae
721 4731 861 4799 flagitatur
878 4732 951 4783 bene
970 4728 1159 4783 accomodata.
