3709 5634
453 654 501 703 ua
522 652 573 700 xu
595 651 809 703 saevusnvu
831 653 1009 716 aaarovus
1032 655 1277 708 conmortuus.
1403 641 1443 708 41
1511 725 1514 732 ¹

169 864 173 869 .
299 834 329 876 e.
347 833 378 897 q.
396 819 436 874 s.’
453 818 486 875 et
500 815 539 874 ‘si
552 811 712 872 membrum
727 814 823 889 rupit,
844 816 883 872 ni
901 829 980 873 eum
1001 829 1041 874 eo
1051 816 1172 890 pacit,
1194 817 1265 875 tatio
1286 822 1345 876 esto
1367 813 1443 896 (16.

297 913 386 978 VIII
400 911 447 996 2).
470 913 579 998 Atque
594 909 756 995 sagaciter
771 909 964 976 Huschkius
981 911 1111 978 ‘Gaius'
1128 935 1159 999 p.
1173 912 1233 976 124
1248 935 1289 977 ex
1304 911 1389 978 VIII
1406 915 1445 978 16

299 1022 341 1080 ‘si
354 1020 464 1078 adorat
474 1017 560 1091 furta
576 1013 611 1098 (i.
628 1035 656 1076 e.
673 1014 701 1076 si
716 1012 804 1098 agit
819 1010 861 1077 de
875 1013 979 1100 furto)
997 1019 1078 1093 quoa
1095 1036 1150 1079 nee
1164 1019 1357 1092 manifestum
1371 1021 1429 1080 erit
1435 1022 1444 1050 ’

298 1117 530 1204 exceptionem
544 1116 586 1181 ab
601 1115 748 1207 Ulpiano
758 1123 933 1198 statutam,
949 1125 986 1181 ut
1001 1137 1085 1202 quae
1099 1116 1174 1202 ipsa
1189 1116 1381 1184 condicione
1397 1127 1444 1184 ta·

299 1217 712 1306 eitoeomprehenderetur
720 1267 729 1300 ,
744 1218 887 1304 repetiit.
896 1219 923 1304 ¹)
1437 1301 1440 1304 ,

385 1321 470 1387 Aliis
485 1321 565 1387 loeis
581 1319 635 1386 vel
650 1323 754 1410 magis
771 1320 911 1387 fontium
922 1320 1003 1386 fides
1017 1343 1115 1408 quam
1130 1320 1195 1386 late
1205 1331 1318 1408 pateat
1329 1321 1445 1388 inred-

298 1424 416 1490 dendis
437 1422 508 1488 XII
528 1423 715 1488 tabularum
735 1423 910 1505 institutis,
939 1423 1085 1489 dubitari
1111 1424 1241 1510 poterit.
1279 1423 1333 1490 Ita
1358 1425 1445 1511 quod

297 1525 422 1592 Paulus
437 1526 481 1590 D.
496 1524 549 1607 43,
566 1525 595 1605 8,
611 1525 632 1591 5
647 1525 749 1590 tradit
764 1529 809 1588 ‘si
823 1546 883 1605 per
893 1530 1046 1604 publicum
1061 1533 1157 1591 iocum
1171 1531 1255 1590 riuus
1275 1519 1373 1606 aquae
1389 1532 1444 1592 du-

287 1640 363 1695 ·etus
379 1632 649 1709 priuatosnoeettt,
675 1634 734 1692 erit
755 1634 834 1692 aetio
847 1635 968 1708 priuato
988 1650 1028 1692 eu
1047 1635 1112 1712 leue
1131 1632 1202 1692 XII
1219 1633 1389 1694 tabularum
1414 1639 1448 1694 ut

298 1752 399 1796 nouae
413 1736 531 1795 domino
544 1739 702 1795 caueatar'-
713 1769 756 1777 —
771 1752 969 1817 quamquam
991 1730 1034 1796 ad
1056 1731 1167 1796 damni
1183 1730 1298 1796 inlecti
1319 1731 1442 1798 cautio·

296 1857 373 1899 nem
387 1834 504 1899 referri
525 1855 563 1898 ao
578 1833 796 1920 separandum
811 1855 884 1897 esse
905 1833 948 1898 ab
964 1833 1217 1920 actione-aquae
1237 1831 1371 1920 pluviae
1393 1853 1443 1896 ar-

270 1959 276 1967 *
298 1937 423 2001 rendae
441 1935 529 2019 (VII
550 1936 602 2019 8),
629 1957 714 2023 quae
735 1934 867 2022 quidem
890 1934 931 1999 de
951 1935 1083 2022 publico
1103 1934 1173 2001 loeo
1196 1957 1312 2024 parum
1333 1933 1444 2000 valeat

298 2039 358 2126 (ci.
373 2039 418 2102 D.
434 2038 487 2120 39,
503 2039 534 2120 3,
550 2038 570 2102 3
585 2041 605 2120 ξ
621 2038 649 2103 3.
669 2038 709 2102 18
720 2038 798 2124 ΡΥ),
814 2038 979 2124 persuasit
994 2036 1187 2102 Huschkius
1202 2036 1224 2101 l.
1237 2035 1258 2125 l.
1270 2060 1307 2125 p.
1319 2037 1383 2102 210
1395 2057 1442 2123 sq.

300 2180 336 2192 -
355 2140 457 2207 nihilo
473 2140 580 2204 minus
597 2137 710 2204 exilia
730 2139 803 2227 ipsa
817 2140 912 2226 quasi
933 2138 1071 2204 dilatata
1091 2139 1288 2204 descendere
1308 2148 1444 2227 putave-

295 2244 360 2308 rim
376 2265 450 2308 eum
465 2239 671 2308 Gothofredo
686 2241 763 2307 Not.
779 2264 811 2328 p.
826 2241 891 2330 Ι180
905 2251 939 2306 et
953 2241 1121 2308 Dirkseno
1138 2241 1257 2329 p..489.
1279 2243 1332 2307 De
1347 2241 1445 2322 Insti7

296 2347 460 2412 tutionum
480 2354 590 2409 autem
610 2345 680 2409 loeo
700 2345 735 2426 2,
753 2345 787 2426 1,
802 2344 843 2407 41
855 2343 945 2429 (VII
968 2343 1021 2429 11)
1044 2349 1207 2409 ‘Venditue
1227 2365 1296 2409 aero
1318 2349 1396 2425 (res)
1417 2354 1447 2409 et

296 2453 428 2514 traditae
439 2466 502 2513 non
516 2452 605 2510 aliter
619 2453 746 2526 emptori
757 2451 957 2524 acquiruntur
972 2467 1061 2526 qaam
1076 2453 1102 2511 si
1116 2455 1141 2512 is
1156 2452 1303 2514 uenditori
1311 2438 1443 2528 pretittm

295 2557 418 2618 amauit
435 2558 481 2615 aet
500 2555 562 2615 atio
587 2554 673 2614 modo
692 2553 873 2627 satisfecerit
895 2554 987 2612 aetati
1009 2557 1227 2630 expromittere
1247 2561 1307 2615 aut.
1317 2556 1445 2630 piunore

297 2660 377 2719 dato.
418 2658 503 2730 Quod
521 2662 645 2718 cauetur
665 2658 784 2732 quidem
804 2657 893 2715 etiam
916 2659 981 2730 leue
1000 2656 1073 2716 XII
1089 2657 1276 2716 tatutaram’
1297 2673 1325 2716 e.
1348 2653 1380 2739 'q.
1404 2675 1443 2734 s.,

296 2756 487 2822 Dirlrsenus
508 2778 583 2820 oum
603 2755 734 2838 Ottonis
755 2754 977 2820 dubitationes
1001 2753 1113 2840 (Thes.
1130 2753 1183 2818 III
1198 2753 1303 2841 praef.
1319 2754 1375 2839 21)
1396 2763 1443 2819 to·

297 2869 368 2926 tum
390 2868 619 2943 argumentum
636 2879 657 2921 a
671 2856 742 2922 XII
762 2856 983 2922 abiudieantis
1008 2865 1207 2939 removeret,
1231 2857 1302 2943 ipse
1322 2854 1444 2941 negare

297 2984 362 3026 non
377 2960 486 3048 potuit
500 2950 600 3046 plura¹
611 2960 718 3025 videri
732 2960 840 3024 inesse
856 2957 921 3050 legi
938 2959 1126 3044 supposita,
1143 2957 1235 3024 velut
1249 2957 1444 3022 traditarum

298 3085 406 3128 rerum
421 3071 456 3128 et
470 3062 720 3150 expromissoris
742 3062 950 3127 mentionem.
977 3061 1088 3142 ¹Quod
1103 3060 1192 3125 idem
1206 3060 1296 3125 haud
1318 3061 1385 3133 soio
1401 3081 1444 3124 an

297 3165 458 3252 Ulpianus
474 3165 674 3232 commiserit
688 3165 731 3229 D.
749 3164 780 3248 9,
798 3166 825 3246 1,
844 3166 860 3228 1
877 3184 926 3249 pr.
944 3163 1043 3248 (VIII
1058 3163 1093 3247 5)
1111 3166 1159 3226 ‘Si
1171 3168 1345 3244 quadrupes
1355 3183 1442 3244 pau-

243 3299 246 3306 ·
296 3272 409 3347 perium
420 3271 531 3344 semite
546 3272 669 3337 dicetur,
685 3273 763 3331 aetio
777 3287 818 3330 ea
831 3273 896 3345 lepe
910 3268 982 3330 XII
993 3269 1161 3356 tutelarum
1176 3269 1345 3330 deseendit:
1366 3273 1450 3344 quae'

299 3376 348 3435 tea
370 3371 461 3434 aaut
480 3382 534 3434 aut
552 3374 625 3433 dari
638 3373 673 3433 iet
690 3374 771 3448 qaod
788 3375 900 3441 nocuit,
922 3372 1013 3432 idest
1034 3373 1068 3431 id
1089 3374 1204 3432 animat
1222 3373 1303 3447 quoa
1321 3373 1445 3432 moutam

241 3540 245 3546 ,
298 3479 441 3537 cummisit
455 3483 508 3536 aut
524 3478 754 3537 aestimationem
768 3477 879 3535 noxiae
893 3473 1034 3548 offerri’:
1051 3471 1142 3535 euius
1160 3471 1302 3557 optionis
1317 3469 1444 3535 nullum

299 3586 349 3641 est
364 3574 543 3660 vestigium
556 3575 591 3640 in
606 3575 709 3640 altero
725 3575 821 3638 huius
837 3572 1003 3659 praecepti
1018 3572 1108 3638 fonte
1124 3573 1205 3638 Inst.
1217 3573 1246 3654 4,
1260 3574 1338 3659 9pr.
1356 3578 1445 3653 ‘quae

302 3685 447 3742 animatia
466 3684 494 3742 si
512 3698 612 3742 noxae
631 3682 797 3755 dedantur,
816 3683 981 3755 proficiunt
998 3695 1050 3739 reo
1070 3679 1115 3738 ad
1133 3679 1352 3740 liberationem:
1373 3683 1444 3756 quia

299 3787 339 3844 ita
353 3788 405 3845 tex
419 3784 489 3844 XII
500 3785 669 3844 tabularum
682 3786 796 3859 scripta
810 3788 874 3843 est’
1439 3833 1440 3836 ,

381 3881 452 3948 Neo
473 3883 500 3947 si
520 3882 601 3968 quid
614 3905 665 3947 -ex
679 3883 744 3948 Gai
759 3882 793 3945 in
807 3881 879 3946 XII
901 3881 1032 3948 tabulas
1054 3881 1294 3978 commentariis
1315 3880 1444 3962 citatur,

300 3985 371 4050 ideo
388 3985 500 4049 statim
515 3985 558 4049 ad
572 3981 678 4069 legem
692 3985 913 4066 revocandum
929 3983 1007 4050 erit:
1031 3987 1118 4073 quod
1132 3991 1243 4061 monet
1257 3983 1331 4068 ipsa
1345 3981 1440 4046 huius

300 4086 577 4174 interpretationis
604 4089 697 4153 ratio.
736 4088 852 4173 Itaque
878 4087 919 4152 de
945 4089 1056 4154 verbis
1082 4111 1125 4152 ex
1148 4086 1244 4152 tertio
1266 4085 1336 4150 eius
1362 4083 1446 4150 libro

300 4188 472 4273 Dig.48,o
487 4189 530 4254 ad
544 4189 607 4275 leg.
625 4190 743 4255 Iuliam
759 4190 799 4254 de
815 4189 917 4254 adult.
934 4187 956 4254 l.
967 4191 1009 4256 43
1024 4190 1169 4276 repetitis
1187 4194 1227 4251 ‘a'
1239 4208 1279 4250 ea
1294 4193 1376 4264 leue
1391 4207 1443 4250 re·
1513 4270 1515 4279 y

296 4296 423 4370 podium
437 4297 557 4356 missum
571 4312 630 4356 nou
645 4298 682 4356 sit
695 4303 724 4356 et
737 4297 851 4357 idcireo
865 4299 972 4356 matter
986 4297 1089 4356 aditae
1109 4303 1203 4370 nupta
1219 4311 1281 4353 esse
1295 4293 1441 4362 videatur,

300 4404 397 4458 amen
411 4399 440 4457 st
451 4400 517 4473 qun
530 4415 597 4459 eam
611 4398 738 4460 uxerem
752 4399 875 4458 duxmit
889 4399 1009 4458 adulter
1024 4413 1082 4458 non
1093 4399 1151 4457 erit
1166 4441 1172 4454 .
1191 4442 1197 4455 .
1215 4439 1223 4455 .
1239 4398 1329 4472 idque
1337 4391 1445 4456 dieen-

304 4551 505 4560 ——--——

367 4634 387 4699 ¹)
407 4635 511 4686 Contra
528 4634 641 4687 Sellium
665 4637 713 4701 qui
735 4635 863 4687 simiIIter
880 4635 946 4686 VIII
966 4636 997 4686 19
1020 4608 1161 4686 transtulit
1179 4633 1215 4684 ad
1233 4634 1271 4685 VI
1290 4636 1320 4698 2,
1344 4633 1461 4684 ῐηετίῐο,

303 4720 408 4772 refellit
425 4721 581 4774 Rudorlfius
599 4722 628 4773 in
646 4722 745 4775 Annel.
763 4723 813 4772 iur.
833 4722 932 4776 scient.
951 4720 1046 4776 histor.
1065 4719 1129 4774 XIV
1146 4721 1196 4770 461
1215 4734 1255 4788 sq.
