3709 5634
863 610 1002 659 TABVLA
1023 609 1069 656 Vl.

481 866 596 933 Cicero
612 866 695 953 Top.
712 865 761 931 IV
775 866 826 931 23.
848 866 1015 952 ‘quoniam
1036 887 1115 928 usus
1138 862 1313 928 auctoritas
1335 860 1432 926 fundi
1452 860 1543 927 bien-

397 971 488 1035 nium
510 977 579 1050 est‚
603 969 646 1032 sit
667 968 768 1033 etiam
790 967 934 1032 aedium:
959 976 993 1031 at
1014 968 1048 1029 in
1070 965 1143 1050 lege
1165 966 1263 1030 aedes
1286 986 1353 1031 non
1375 960 1543 1049 appellan-

398 1082 465 1153 tur,
489 1080 522 1135 et
543 1078 620 1147 sunt
641 1078 823 1135 ceterarum
845 1090 955 1135 rerum
981 1056 1141 1151 omnium,
1170 1089 1308 1154 quarum
1332 1088 1460 1132 annuus
1477 1075 1542 1134 -est

398 1180 500 1239 usus.’

951 1275 982 1338 4.

484 1376 587 1444 Gaius
610 1375 689 1442 Inst.
713 1376 730 1441 I
754 1378 825 1445 111,
870 1376 961 1441 ‘Vsu
988 1377 1023 1440 in
1050 1397 1183 1440 manum
1204 1375 1438 1459 conueniebat,
1461 1397 1547 1463 quae

401 1502 486 1544 anno
509 1479 661 1545 continuo
682 1487 786 1565 nupta
812 1478 1062 1565 perseuerabat3
1091 1499 1175 1563 quae
1202 1478 1289 1541 enim
1315 1476 1410 1544 uelut
1437 1500 1549 1543 annua

400 1580 608 1668 possessione
629 1602 693 1647 usu
714 1580 921 1667 capiebatur,
944 1580 979 1643 in
998 1578 1157 1645 familiam
1176 1579 1241 1644 uiri
1260 1579 1425 1645 transibat
1446 1579 1547 1644 filiae-

308 1674 320 1695 '
401 1706 464 1767 quo
486 1683 592 1749 locum
614 1682 794 1770 optinebat.
836 1682 953 1768 Itaque
974 1680 1047 1767 lege
1069 1680 1241 1747 duodecim
1262 1679 1453 1747 tabularum
1474 1703 1549 1746 cau-

401 1796 471 1853 tum
493 1797 572 1865 erat,
596 1786 625 1850 si
647 1807 712 1873 qua
733 1783 835 1849 nollet
856 1783 1008 1849 eomodo
1028 1784 1064 1847 in
1078 1806 1211 1848 manum
1232 1783 1344 1849 mariti
1365 1791 1550 1865 conuenire,

402 1899 434 1952 ut
460 1888 622 1967 quotannis
651 1887 803 1953 trinoctio
832 1887 966 1952 abesset
987 1894 1085 1973 atque
1111 1892 1155 1950 ito
1181 1906 1266 1949 usum
1288 1885 1447 1971 cuiusque
1470 1884 1551 1949 anni

404 1990 681 2078 interrumperet)

955 2089 986 2154 5.

489 2211 521 2259 sl
545 2195 634 2278 [ovs]
659 2210 696 2260 m
717 2209 798 2259 ruas
820 2208 947 2257 annun
969 2207 1174 2257 cousuavur

471 2455 496 2505 3.
514 2450 611 2504 Cicero
628 2469 655 2518 p.
671 2451 793 2504 Caecina
813 2453 859 2515 19,
879 2452 912 2502 54
928 2451 1005 2502 ‘Lex
1021 2464 1099 2501 usum
1116 2450 1357 2502 etauctoritatem
1375 2450 1455 2502 fundi
1474 2453 1555 2503 iubet

406 2550 468 2589 esse
480 2536 634 2587 biennium:
655 2540 685 2587 st
701 2537 802 2587 utimur
815 2536 910 2587 eodem
923 2538 984 2587 iure
997 2536 1026 2585 in
1038 2534 1164 2596 aedibus,
1179 2551 1250 2601 quae
1268 2536 1297 2585 in
1309 2535 1373 2602 lege
1386 2551 1441 2587 non
1455 2537 1555 2602 appel·

405 2622 517 2674 lentur)
542 2621 604 2678 Gai.
623 2622 955 2687 Inst.1142‘(Vsucapio
974 2620 1079 2683 autem)
1097 2619 1240 2671 mobilium
1254 2619 1362 2684 quidem
1375 2636 1467 2672 rerum
1480 2637 1555 2673 anno

406 2706 573 2773 completur,
597 2708 677 2759 fundi
700 2722 767 2759 uero
793 2712 822 2758 st
844 2706 953 2759 aedium
976 2706 1102 2766 biennio;
1128 2709 1157 2757 et
1179 2705 1220 2755 ita
1237 2705 1301 2770 lege
1319 2706 1375 2756 XII
1393 2706 1556 2759 tabularum

406 2797 518 2845 cautum
529 2796 591 2845 est’
615 2794 657 2847 54.
675 2792 733 2845 ‘lex
750 2793 823 2843 enim
840 2793 894 2843 XII
912 2791 1071 2843 tabularum
1089 2788 1141 2841 soli
1159 2789 1270 2854 quidem
1292 2805 1338 2841 res
1355 2792 1470 2843 biennio
1488 2808 1555 2844 usu-

406 2879 471 2945 capi
488 2879 581 2943 iussit,
600 2883 708 2931 ceteras
726 2894 793 2930 uero
812 2880 906 2929 anno)
926 2878 963 2930 cf.
980 2878 1023 2927 44.
1041 2874 1186 2941 Theophil.
1204 2875 1268 2925 Par.
1290 2874 1325 2925 ad
1342 2877 1413 2927 Inst.
1432 2880 1459 2943 2,
1478 2881 1496 2929 6
1512 2894 1555 2945 pr.

406 2964 581 3015 Modestinus
599 2964 663 3029 Dig.
681 2965 724 3028 43,
744 2967 769 3027 3,
788 2966 812 3016 3,
831 2962 893 3027 le.
915 2962 948 3013 fr.
968 2962 1034 3011 XIX
1051 2965 1077 3014 8.
1094 2960 1217 3012 Isidorus
1237 2959 1285 3011 Or.
1302 2961 1329 3012 V
1345 2962 1389 3024 25,
1408 2965 1451 3013 30.

474 3050 499 3099 4.
520 3048 626 3101 Gellius
644 3049 676 3100 N.
695 3048 727 3109 A.
746 3048 789 3099 111
807 3050 835 3110 2,
856 3049 887 3097 12
906 3061 948 3111 sq.
972 3051 1000 3097 et
1022 3045 1086 3096 inde
1108 3045 1268 3096 Macrobius
1286 3042 1345 3095 Sat.
1370 3045 1385 3095 I
1407 3048 1438 3107 3,
1463 3048 1480 3096 9
1504 3048 1555 3109 (ρ.

407 3149 514 3199 quoque
532 3133 653 3185 Mucium
670 3132 884 3183 iureconsultum
903 3132 995 3181 dicere
1014 3130 1125 3181 solitum
1141 3129 1200 3195 legi
1212 3126 1287 3194 (lege
1301 3128 1400 3192 Mser.)
1419 3144 1476 3180 non
1494 3147 1557 3183 csse

406 3222 569 3284 usurpatam
591 3217 675 3284 (‘legi
699 3218 762 3283 lege
786 3232 841 3267 non
863 3218 918 3267 isse
942 3220 1117 3281 usurpatum’
1136 3230 1172 3266 ex
1189 3214 1320 3265 Macrobii
1336 3215 1458 3266 Parisino
1475 3216 1558 3281 Rapio

408 3306 541 3355 Fontanus
547 3322 557 3360 ,·
573 3303 608 3366 cs.
622 3303 718 3353 Erbius
734 3304 760 3352 in
777 3302 894 3366 Huponsls
912 3300 1091 3365 Promptaarto
1107 3300 1157 3351 iar.
1176 3302 1222 3350 cio.
1243 3300 1269 3348 V
1283 3303 1338 3350 213
1355 3299 1394 3363 a.)
1412 3300 1558 3353 mulierem

409 3404 480 3454 quoe
500 3402 560 3438 eum
582 3386 717 3437 Kalendis
741 3386 879 3437 Ianuariis
904 3386 978 3452 apud
995 3387 1083 3435 uirum
1105 3384 1274 3435 matrimonii
1297 3400 1382 3435 causa
1406 3400 1470 3437 esse
1494 3402 1558 3437 coe-

408 3474 498 3539 pisset
516 3476 582 3522 ante
605 3470 678 3522 diem
699 3472 756 3523 1111
774 3470 919 3522 Kalendas
942 3471 1090 3522 Ianuarias
1112 3473 1262 3534 sequentes
1286 3473 1450 3536 usurpatum
1473 3471 1558 3521 isset:

409 3574 465 3609 non
488 3557 561 3607 enim
578 3571 658 3622 posse
677 3555 787 3621 implori
803 3557 961 3607 trinoctium
979 3556 1050 3621 quod
1068 3556 1166 3607 abesse
1185 3571 1202 3605 a
1219 3555 1280 3606 uiro
1298 3554 1453 3620 usurpandi
1471 3570 1559 3606 causa

411 3659 445 3694 ex
471 3640 616 3693 duodecim
639 3639 744 3691 tabulis
767 3640 893 3702 deberet,
922 3644 1052 3706 quoniam
1076 3641 1177 3691 tertiae
1202 3642 1294 3691 noctis
1315 3641 1488 3705 posteriores
1509 3656 1559 3692 sex

410 3729 496 3780 horae
515 3726 630 3779 alterius
649 3725 714 3776 anni
733 3730 839 3789 essent,
859 3727 907 3791 qui
924 3728 1061 3791 inciperet
1078 3742 1112 3777 ex
1129 3724 1286 3777 Kalendis’

478 3814 504 3864 ὅ.
526 3810 598 3865 Gall.
615 3812 649 3865 N.
667 3811 699 3862 A.
722 3812 774 3862 XX
793 3814 840 3877 10,
865 3816 878 3863 7
898 3826 939 3877 sq.
958 3812 1045 3862 ‘Nam
1066 3810 1100 3862 de
1124 3826 1178 3876 qna
1199 3827 1229 3861 rc
1254 3810 1429 3877 disceptatur
1451 3812 1481 3861 in
1499 3812 1558 3862 inre

413 3899 452 3963 (in
470 3895 512 3964 re)
529 3897 683 3964 praesenti,
702 3899 762 3948 siue
781 3912 849 3962 ager
865 3898 926 3947 siue
952 3895 1018 3960 quid
1036 3895 1114 3946 aliud
1137 3899 1191 3956 est,
1212 3911 1273 3946 cum
1291 3897 1456 3948 aduersario
1475 3897 1558 3948 simul

410 3999 493 4034 manu
509 3982 641 4049 prendere
660 3987 688 4033 et
705 3983 734 4032 in
753 3998 787 4033 ca
807 3998 837 4031 re
856 3980 1035 4032 sollemnibus
1053 3981 1146 4033 nerbis
1163 3980 1325 4044 uindicare,
1348 3981 1378 4033 id
1396 3985 1440 4033 est
1457 3981 1558 4032 ‘uindi-

413 4070 476 4120 cia.’
501 4067 645 4134 Correptio
664 4083 760 4118 manus
772 4068 801 4136 in
819 4082 848 4116 rs
867 4070 951 4131 atque
970 4066 999 4117 in
1016 4066 1078 4118 loco
1096 4067 1238 4131 praesenti
1257 4066 1329 4133 apud
1346 4071 1507 4133 praetorem
1525 4080 1557 4117 ex

413 4152 558 4205 duodecim
575 4152 679 4203 tabulis
698 4150 791 4211 fiebat,
809 4152 838 4201 in
856 4150 956 4215 quibus
973 4153 1015 4201 ita
1027 4151 1158 4217 scriptum
1171 4155 1227 4203 est:
1247 4152 1311 4204 ‘si.
1326 4188 1333 4203 .
1347 4156 1365 4202 .’
1393 4153 1430 4203 cl.
1444 4153 1555 4219 Fragm.

412 4240 477 4289 Vat.
496 4239 556 4299 §to
575 4238 622 4289 cit.
643 4236 677 4287 ad
697 4239 720 4288 1.
739 4235 993 4301 semiperactum.
1011 4254 1033 4289 v.
1051 4241 1212 4301 superstites.

494 4477 521 4535 5.
550 4479 596 4552 qui
623 4478 719 4535 Paris.
743 4482 824 4535 8666
843 4478 953 4550 lupud.
977 4477 1079 4545 (Gall.)
1102 4473 1153 4555 98]
1191 4478 1235 4535 cui
1262 4479 1400 4537 German.
1421 4479 1555 4553 Mayllob.

409 4564 471 4618 cod.
488 4561 634 4618 Sozomeni
652 4565 679 4617 ia
694 4563 757 4619 bibl.
774 4563 844 4618 Par.
860 4565 889 4616 la
912 4561 984 4617 Vall.
1002 4566 1056 4617 110
1070 4562 1179 4635 Lupad.
1191 4580 1242 4635 pr.
1260 4566 1406 4633 (meliores
1429 4566 1498 4622 lion·
1511 4566 1556 4621 ds·

407 4648 509 4716 ficiunt
523 4648 582 4708 inS
599 4651 616 4702 6
630 4650 722 4713 extr.)
740 4647 886 4703 Cancellos
901 4648 1008 4703 addidi.
1270 4652 1274 4658 ’
