3709 5634
589 641 637 690 nu
658 641 843 692 nvonucnr
866 641 1081 691 renvnsnvu
1103 643 1276 692 unuosrn.
1467 627 1506 693 15

358 795 512 863 Servium
527 794 666 881 Vergilii
685 797 911 882 interpretem:
941 795 997 883 qui
1019 796 1106 883 quod
1129 795 1172 860 ad
1186 799 1269 862 Aen.
1287 795 1357 861 XII
1372 796 1434 862 606
1449 795 1505 860 ad-

359 909 457 966 notat
474 907 606 963 ‘eostam
620 905 685 976 leae
698 902 770 961 XII
781 903 965 979 tabularum,
987 920 1025 962 oe
1045 905 1183 963 mulieres
1203 910 1367 978 carperent
1381 903 1505 982 scetem,

358 1007 408 1066 bas
422 986 518 1066 ambis
539 1005 670 1064 “muticr
686 1003 799 1076 sacrem
820 1022 858 1064 ne
876 1007 1027 1080 ecrptt0’'‚
1053 997 1159 1084 legem
1184 1001 1225 1064 de
1252 1023 1310 1065 suo
1336 1001 1447 1066 fictam
1472 1003 1507 1064 in

359 1102 470 1168 locum
484 1105 645 1188 genuinae
661 1102 834 1168 substituit
849 1124 870 1166 a
884 1101 1042 1166 Cicerone
1055 1099 1192 1188 aliisque
1204 1102 1345 1167 traditae
1358 1109 1507 1168 ‘mutieres
1554 1159 1559 1170 .

357 1226 455 1285 pesas
468 1226 507 1269 ae
520 1209 663 1270 rudsmo'
681 1202 729 1288 (X
743 1204 795 1287 4):
815 1203 909 1269 cuius
926 1203 1076 1270 licentiae
1092 1203 1180 1289 apud
1195 1204 1334 1270 eundem
1349 1205 1415 1270 alia
1430 1226 1507 1292 quo-

363 1331 427 1395 qne
441 1315 573 1395 praesto
589 1316 666 1372 sunt
678 1305 811 1371 indicia.

446 1409 509 1474 His
529 1431 607 1475 vero
628 1409 781 1476 omnibus
802 1406 1019 1474 consideratis
1042 1406 1152 1494 ecquis
1173 1406 1240 1470 iam
1261 1408 1405 1492 dubitet,
1428 1410 1507 1496 quin

317 1528 319 1537 ·
361 1534 540 1598 numquam
562 1510 708 1576 extiterit
728 1531 865 1574 aeneum
885 1508 968 1574 illud
989 1509 1076 1596 quod
1096 1511 1203 1574 fertur
1222 1520 1298 1597 post
1317 1511 1507 1576 incendium

363 1613 736 1680 Gallicum-restitutum
757 1611 828 1676 XII
849 1611 1036 1676 tabularum
1057 1611 1282 1699 exemplar?¹)
1328 1613 1393 1694 Qui
1420 1613 1506 1678 enim
1551 1619 1554 1624 '
1625 1617 1629 1626 '

361 1716 434 1780 fieri
455 1717 578 1802 potuit,
605 1722 642 1778 ut
662 1723 711 1779 tot
730 1712 784 1779 vel
804 1713 927 1783 abusus
949 1713 1002 1779 vel
1017 1735 1142 1778 errores
1158 1715 1453 1796 committerentur,
1477 1717 1507 1779 si

362 1815 456 1899 ipsae
478 1815 610 1881 tabulae
629 1815 839 1882 venerandae
853 1809 1061 1902 antiquitatis
1077 1815 1207 1903 publice
1222 1818 1256 1881 in
1272 1816 1344 1881 loro
1359 1817 1506 1902 proposi·

362 1927 417 1979 tae
432 1917 647 2000 mansissent,
669 1918 786 2004 quibus
808 1915 862 1983 vel
883 1917 1018 1982 minima
1033 1917 1255 2005 discrepantia
1270 1919 1381 1982 statim
1394 1918 1506 1982 redar-
1565 1913 1575 1923 ⁸

280 2032 286 2040 '
364 2019 540 2100 guerennr?
571 2020 675 2084 Immo
690 2019 923 2104 grammaticos
938 2030 1083 2102 veteres,
1105 2043 1241 2107 quorum
1262 2019 1394 2106 quidem
1408 2020 1505 2106 pluri·

363 2142 452 2183 mum
467 2120 655 2202 interesset,
670 2129 709 2185 ut
722 2121 765 2185 ad
779 2109 952 2207 pristinam
969 2123 1048 2207 legis
1062 2121 1342 2209 formam„quoad
1354 2123 1423 2186 eius
1435 2122 1507 2188 fieri

363 2231 493 2309 posset,
516 2221 678 2306 redirent,
703 2245 745 2287 ex
764 2222 844 2309 ipsis
860 2224 1056 2308 fragmentis
1072 2233 1201 2288 constat
1215 2225 1265 2288 uti
1279 2247 1345 2289 non
1359 2225 1505 2311 potuisse

362 2316 428 2388 nisi
448 2322 607 2410 exemplis
628 2324 730 2390 multo
752 2327 988 2392 recentioribus
1011 2335 1043 2390 et
1058 2327 1192 2413 antiquo
1208 2327 1315 2392 colore
1330 2349 1451 2412 magna
1465 2350 1507 2392 ex

362 2435 466 2512 parte
478 2427 617 2514 privatis
638 2436 672 2492 et
693 2426 925 2493 additamentis
947 2428 1012 2492 iam
1036 2437 1104 2493 tum
1125 2429 1224 2493 semel
1247 2430 1378 2516 saepius
1393 2429 1506 2516 ampli·

364 2529 482 2594 ficetis.

448 2631 553 2718 Atqui
575 2631 677 2697 salvis
697 2631 787 2697 hisce
806 2630 910 2698 nihilo
932 2634 1039 2698 minus
1060 2631 1253 2696 contendere
1274 2617 1379 2696 ausim
1404 2633 1506 2699 fuisse

366 2730 544 2820 aliquando
567 2744 664 2820 atque
685 2733 768 2800 adeo
790 2734 903 2820 quinto
917 2747 1000 2825 post
1022 2735 1187 2800 Christum
1208 2733 1337 2798 saeculo
1359 2725 1507 2799 extitisse

363 2833 447 2920 legis
469 2834 637 2922 exemplar
663 2836 699 2899 in
725 2857 780 2900 aes
808 2837 947 2900 incisum
967 2857 1227 2923 -quamquam
1248 2835 1283 2900 id
1303 2857 1362 2900 nec
1383 2835 1507 2900 Romae

365 2938 567 3023 propositum
582 2959 643 3002 nec
657 2947 821 3003 vetustate
836 2937 974 3022 insigne.
1000 2939 1110 3002 Verba
1125 2948 1201 3002 sunt
1214 2937 1246 3001 S.
1261 2935 1419 3022 Cypriani
1429 2937 1506 3001 Oar-

364 3026 821 3126 thaginiensminepistulaad
829 3040 996 3104 Donatum
1006 3040 1093 3104 circa
1101 3061 1259 3126 annump.
1268 3038 1345 3103 Chr.
1354 3039 1507 3120 QOXLV

364 3141 514 3226 scripta,
525 3163 590 3226 qua
609 3142 714 3207 amico
735 3164 848 3208 reeens
870 3141 969 3205 fidem
989 3141 1140 3228 professo
1157 3147 1203 3206 ‘at
1216 3148 1369 3212 inlustrius
1384 3149 1507 3207 veritate

358 3247 520 3322 patefacto
534 3249 629 3308 divini
641 3253 772 3309 munais
785 3251 900 3309 indicio
910 3251 1110 3317 clarescant,
1119 3253 1276 3310 ‘malcrum
1290 3251 1420 3323 satiatae
1434 3250 1507 3309 abs-

363 3356 444 3410 terso
473 3351 571 3426 operti
594 3355 709 3412 saeereli
727 3353 865 3412 tenebras
883 3337 1008 3412 reuelet’
1030 3349 1069 3432 (o.
1085 3347 1121 3434 6)
1142 3347 1191 3412 ita
1210 3348 1421 3435 pronuntiata
1441 3369 1469 3412 c.
1487 3348 1507 3412 9

365 3448 452 3535 (10):
470 3451 545 3531 ‘Sed
557 3453 611 3512 tibi
617 3462 687 3529 post
700 3456 859 3538 insidiosas
872 3456 945 3529 cias,
958 3461 1025 3531 post
1039 3455 1192 3531 dispersas
1206 3456 1275 3516 orbe
1290 3461 1346 3514 toto
1360 3457 1508 3530 multipli-

363 3573 414 3616 ces
425 3570 561 3630 puenas.
573 3563 642 3631 port
653 3560 826 3632 spectacula
840 3561 887 3620 vel
899 3565 1026 3620 croemo
1041 3560 1087 3618 vet
1100 3561 1203 3640 tarpio
1220 3603 1227 3619 .
1246 3603 1252 3617 .
1269 3601 1279 3620 .
1297 3603 1304 3618 .
1318 3558 1421 3631 soram
1434 3558 1508 3632 sor-

434 3758 453 3823 ¹)
472 3757 583 3810 DIodor.
601 3759 656 3810 XII
673 3761 707 3810 26
728 3757 796 3825 ἡῖδὲ
812 3737 951 3826 γραφεῖξα
969 3757 1118 3824 νομοθεεία
1140 3758 1263 3825 βραχέως
1286 3760 1331 3812 καὶ
1349 3758 1508 3826 ereptant

363 3841 526 3908 (υγκειμένη
543 3842 661 3907 διέμεινε
679 3844 872 3911 θαυμαζομένη
891 3844 969 3911 μέχρι
985 3847 1046 3896 τῶν
1064 3845 1131 3896 καθ’
1148 3844 1221 3908 ἡμᾶς
1239 3847 1344 3909 καιρῶν
1361 3861 1415 3896 non
1427 3862 1508 3912 spero

366 3947 385 3980 a
402 3945 537 3996 quoquam
553 3929 584 3979 in
601 3937 782 3997 campartem
795 3938 941 3998 acceptum
953 3932 1001 3982 iri:
1021 3931 1067 3996 qui
1079 3946 1189 3996 prorsus
1203 3931 1285 3981 aliter
1296 3931 1406 3982 loeutus
1424 3938 1508 3997 esset,

364 4015 391 4065 si
406 4013 469 4080 Ipsi·
479 4015 533 4066 XII
550 4015 663 4068 tabulas
681 4033 786 4069 aeneas
808 4018 903 4069 videre
927 4016 1098 4082 contigisset.
1134 4016 1189 4066 Sed
1211 4015 1321 4066 conticit
1341 4032 1412 4082 rem,
1437 4031 1506 4081 quae

365 4119 400 4154 ex
417 4105 472 4154 ista
489 4103 619 4170 opinione
635 4120 671 4155 ne
689 4103 823 4169 explicari
841 4103 951 4168 quidem
968 4103 1068 4168 possit,
1087 4101 1121 4152 de
1140 4103 1202 4167 ipsa
1220 4101 1377 4152 tabularum
1389 4101 1508 4152 materia

365 4195 490 4240 veterum
508 4190 658 4241 dissensiot
676 4204 745 4254 qnos
764 4203 868 4240 aeneas
879 4188 982 4241 Livius
1000 4187 1102 4238 11157.
1121 4188 1236 4251 Dionys.
1253 4186 1317 4236 Hal.
1336 4187 1361 4235 X
1378 4185 1419 4236 67.
1441 4187 1508 4238 Dio·

366 4275 448 4326 dorus
464 4276 518 4326 XII
536 4277 583 4340 26,
604 4275 721 4326 eborem
743 4274 789 4327 vel
806 4276 831 4324 ri
849 4273 1021 4339 Scaligernm
1043 4273 1167 4337 sequeris
1189 4271 1318 4322 roboreae
1341 4273 1507 4338 Pomponius

365 4359 431 4427 mg.
450 4362 476 4425 1,
494 4363 519 4427 2,
538 4364 554 4411 2
571 4362 587 4422 9
604 4363 621 4412 4
638 4360 759 4412 tradunt.
794 4359 943 4425 inquibus
962 4359 1077 4410 diversis
1100 4359 1208 4410 diverso
1227 4357 1305 4408 modo
1325 4358 1518 4410 conciliandis¹

367 4445 469 4496 trustra
490 4445 660 4498 sudaverunt
681 4447 735 4498 viri
761 4445 849 4508 docti;
876 4445 914 4499 cf.
938 4444 1057 4495 maxime
1081 4444 1113 4495 (i.
1136 4442 1339 4495 Wernsdorfins
1364 4443 1444 4495 Obss.
1473 4443 1507 4494 de

366 4531 484 4582 materia
505 4533 559 4583 XII
577 4531 734 4582 tabularum
759 4529 951 4595 vitembergae
976 4546 1019 4596 ep.
1038 4529 1167 4580 Diirrium
1191 4527 1223 4594 (s.
1244 4527 1290 4592 a).
1319 4530 1341 4579 1.
1360 4531 1407 4579 Fr.
1427 4529 1507 4580 Kem·

366 4620 442 4668 terns
459 4617 605 4668 vindiciae
623 4617 767 4682 Pomponii
785 4615 818 4667 de
837 4609 954 4666 materia
971 4615 1026 4666 XII
1044 4614 1120 4665 tebb.
1139 4615 1215 4680 Lips.
1235 4615 1309 4665 1765.
1340 4613 1405 4664 Otto
1424 4615 1506 4664 Thes.

366 4700 407 4753 111
426 4703 517 4769 praef.
534 4704 559 4753 4.
589 4703 720 4754 Osannns
738 4702 773 4754 ed
790 4703 935 4768 Pomponii
952 4701 986 4751 de
1005 4702 1072 4768 orig.
1093 4702 1143 4752 inr.
1162 4703 1260 4768 fragm.
1278 4718 1304 4766 p.
1323 4703 1356 4751 2⁷
1374 4716 1416 4766 sq.
