3709 5634
440 640 487 720 nn
509 672 561 721 xn
584 671 796 721 rnnvnsavu
820 672 998 734 nnoravns
1020 673 1266 725 coaurensms.
1378 661 1419 728 59

274 835 367 891 stores
381 832 634 891 constituebantur
648 848 668 890 a
678 836 799 908 populo,
815 836 868 908 qui
880 832 1060 909 cantatibus
1073 833 1161 893 rebus
1171 841 1353 909 praeessent,
1369 838 1422 911 qui
1540 816 1544 821 ⁷

275 933 510 1009 appellabantur
531 942 756 1009 quaestores
774 937 1004 1011 parricidii.-
1033 939 1188 1012 quoram
1210 940 1322 997 etiam
1341 952 1419 998 ue-

273 1038 383 1097 minti
396 1038 461 1097 lea
475 1036 557 1097 XII
568 1038 803 1099 tabularum!
826 1034 922 1100 Unde
937 1058 1012 1101 cum
1027 1035 1125 1101 talem
1140 1037 1336 1102 sententiam
1351 1036 1420 1101 efii-

274 1143 387 1201 oerent
412 1134 619 1203 restitutores
646 1137 720 1223 ‘qui
746 1158 797 1201 res
824 1136 980 1223 capitales
1007 1147 1166 1226 quaerant
1190 1147 1224 1204 et
1252 1138 1421 1204 vindicent

273 1246 466 1325 quaestores
478 1238 647 1324 parricidii
664 1249 771 1305 sunto’
781 1236 841 1305 vel
857 1240 962 1306 ‘Para
980 1250 1106 1329 quaest.
1122 1242 1179 1328 qui
1199 1241 1362 1327 decapite
1377 1240 1420 1305 ci·

273 1340 325 1405 vis
340 1338 483 1404 Romani
498 1352 668 1427 quaerant,
685 1364 705 1407 a
718 1342 846 1429 populo
856 1351 1024 1409 creantor’
1040 1344 1131 1427 sim,
1148 1354 1217 1410 tum
1232 1343 1420 1409 Dirksenus

272 1464 404 1531 quoque
420 1438 625 1510 Gothofredo
646 1453 779 1511 auctore
799 1467 903 1513 nonae
925 1444 1057 1511 tabulae
1076 1446 1128 1511 ius
1148 1446 1316 1533 publicum
1335 1466 1420 1509 com·

272 1544 393 1632 plexae
407 1544 628 1631 fragmentum
643 1547 759 1613 tribuit
776 1546 842 1631 (IX
856 1547 902 1633 4).
923 1546 1047 1613 Verum
1062 1546 1103 1613 de
1118 1547 1308 1613 creandis
1324 1569 1420 1635 quae·

271 1648 419 1714 storibus
434 1648 540 1734 legem
553 1672 619 1715 non
634 1647 737 1715 fuisse
751 1688 794 1699 —
808 1650 864 1737 qui
879 1650 1010 1737 quidem
1030 1652 1096 1714 iam
1117 1660 1193 1715 ante
1215 1650 1420 1716 decemviros

271 1749 444 1817 enfiterint
459 1750 503 1817 cf.
518 1752 653 1817 Tacitus
669 1752 757 1816 Ann.
773 1752 826 1819 XI
840 1752 892 1815 22.
909 1751 1027 1817 Zonar.
1043 1752 1112 1818 VII
1129 1753 1168 1817 13
1184 1753 1311 1839 —ipse
1325 1751 1420 1816 Pom·

267 1842 393 1941 'penius
415 1852 557 1919 dilucide
578 1853 704 1919 indicat
726 1855 836 1920 verbis
858 1862 1001 1933 ‘quorun
1021 1861 1110 1920 etiarn
1129 1848 1260 1919 meminit
1282 1861 1334 1919 lex
1352 1857 1424 1917 XII

272 1960 475 2021 tabulatura’
487 1956 511 2041 ¹)
555 1958 602 2021 At
629 1956 703 2039 ubi,
733 1978 872 2043 quaeso,
909 1958 1018 2043 aptius
1049 1980 1161 2023 eorum
1190 1958 1312 2023 mentio
1342 1956 1421 2021 inici

270 2067 406 2147 poterat
420 2080 518 2147 qnam
533 2060 567 2123 in
581 2058 759 2145 parricidio
775 2060 997 2125 vindicando?
1027 2060 1111 2126 Cum
1125 2059 1187 2126 hoc
1206 2061 1308 2145 igitur
1328 2080 1421 2146 prae-

272 2169 371 2249 cepto
392 2160 542 2247 equidem
559 2159 732 2227 conciliare
753 2184 820 2227 nen
840 2162 992 2227 dubitavi
1009 2161 1109 2246 (VIII
1122 2162 1190 2252 25).
1222 2161 1421 2248 Comparare

271 2263 480 2351 aliquatenus
496 2262 589 2347 licet,
605 2264 693 2351 quod
707 2265 742 2329 in
754 2264 849 2329 Pauli
863 2286 959 2351 quem
975 2264 1070 2330 attuli
1084 2264 1157 2331 loco
1172 2288 1248 2331 cum
1262 2262 1420 2351 parricidi

272 2367 504 2455 quaestoribus
524 2367 670 2453 iungitur
694 2366 832 2432 Numae
847 2366 901 2431 lex
927 2368 969 2431 de
995 2367 1162 2453 paricidis.
1203 2368 1313 2455 Atque
1337 2365 1421 2430 hanc

272 2470 382 2556 ipsam
396 2467 503 2554 legem
520 2475 560 2535 ‘a'
573 2470 952 2554 [adnumerationem
968 2472 1035 2534 dolo
1047 2476 1146 2535 sotera
1159 2477 1248 2536 morti
1266 2474 1344 2546 duit,
1357 2489 1421 2548 pa-

273 2576 389 2638 ricidas
403 2578 474 2637 esto’
484 2572 511 2661 ²)
527 2572 556 2637 si
571 2572 644 2660 quis
660 2572 781 2638 dixerit
797 2595 838 2637 ex
849 2572 920 2636 XII
935 2572 1056 2637 tabulis
1071 2574 1180 2659 potius
1194 2594 1232 2638 eo
1244 2594 1309 2660 quo
1321 2571 1420 2657 signi-

273 2676 373 2741 ficavi
388 2674 485 2741 modo
500 2676 672 2763 repetitam
687 2682 769 2757 esse,
790 2696 842 2739 me
861 2696 928 2740 non
948 2674 1084 2741 habebit
1102 2674 1344 2758 adversantem.
1380 2670 1421 2736 In

274 2800 340 2865 qua
361 2778 448 2865 quod
468 2776 659 2843 Rudorffius
681 2777 724 2843 H.
740 2778 762 2843 i.
783 2798 864 2843 rom.
885 2777 921 2842 ΙΙ
941 2800 973 2863 p.
989 2777 1053 2841 370
1072 2778 1262 2842 recentioris
1284 2774 1420 2859 originis

276 2876 453 2965 uestigium
465 2878 779 2967 deprehendit'²doli’
788 2878 1072 2963 significationem,
1081 2878 1161 2965 qnid
1171 2880 1220 2944 rei
1232 2879 1277 2943 sit
1286 2878 1418 2961 ignoro:

277 2982 317 3049 de
338 2981 410 3047 XII
433 2982 564 3069 quidem
583 2983 619 3048 id
640 3004 705 3047 non
725 2978 836 3046 valere
856 2980 1010 3048 Donatus
1031 2981 1125 3046 testis
1145 2991 1196 3046 est
1223 2980 1266 3045 ad
1287 2980 1420 3043 Terent.

276 3086 361 3151 Eun.
384 3084 438 3150 III
459 3086 495 3167 3,
518 3086 538 3151 9
558 3090 638 3149 ‘doto
658 3092 736 3150 malo
756 3089 832 3148 baec
850 3090 920 3159 tert
936 3086 1051 3167 omnia]
1075 3087 1160 3159 Quod
1184 3093 1282 3147 auum
1301 3081 1423 3144 addidit

278 3193 418 3256 “mulo'’
440 3200 493 3253 aut
513 3188 686 3270 ἀρχαϊεμό(
706 3199 749 3253 est
769 3193 839 3265 qula
860 3194 904 3251 ste
924 3194 956 3249 in
976 3191 1010 3250 X
1013 3190 1057 3249 II
1075 3191 1216 3249 tabulis
1235 3204 1255 3247 a
1275 3186 1421 3247 nemas

277 3296 421 3371 seriptum
440 3297 499 3355 est'
516 3340 523 3353 .
541 3340 572 3354 ..
607 3290 672 3357 Sed
692 3291 726 3353 in
747 3314 781 3355 re
803 3312 936 3377 prorsus
960 3292 1088 3354 incerta
1112 3296 1261 3376 praestat
1285 3307 1420 3374 parcere

278 3394 484 3461 coniecturis.
1417 3382 1423 3389 ⁶

340 3494 429 3563 Illud
444 3518 523 3563 vero
539 3497 619 3561 satis
635 3496 716 3561 mire
731 3496 862 3579 accidit,
879 3496 968 3584 quod
983 3516 1068 3582 quae
1084 3495 1130 3559 de
1146 3495 1225 3560 viis
1242 3491 1420 3557 munien-

279 3600 340 3665 dis
355 3598 445 3686 apud
460 3600 595 3664 Festum
609 3621 641 3683 p.
656 3599 718 3663 371
734 3598 780 3663 M.
797 3607 929 3664 servata
951 3606 1028 3663 sunt
1046 3599 1095 3662 ita
1114 3597 1238 3682 scripta
1256 3595 1293 3659 in
1308 3592 1421 3660 Ursini
1504 3637 1511 3643 -

279 3702 404 3769 codice:
427 3708 520 3767 ‘Vlas
539 3706 692 3765 muniunto
712 3706 858 3765 dionisam
879 3705 998 3781 lapides
1017 3709 1086 3763 sunt
1109 3720 1170 3777 qua
1196 3703 1272 3761 volet
1290 3702 1421 3761 iumenta

278 3811 377 3885 apito'
399 3826 533 3893 prorsus
554 3804 708 3891 fugerunt
733 3804 964 3869 restitutorum
981 3800 1134 3887 aciem³):
1162 3801 1359 3886 quamquam
1380 3820 1422 3861 ex

164 3962 165 3965 ,
278 3906 349 3993 lege
366 3906 540 3994 desumpta
554 3930 625 3975 esse
647 3906 771 3975 dudum
791 3906 947 3994 probavit
960 3903 1135 3972 Daoierius
1158 3900 1278 3967 collato
1293 3900 1421 3965 Oicero-
1513 3960 1518 3977 ,

347 4132 368 4199 ¹)
387 4132 467 4199 Apud
484 4134 596 4185 Festum
613 4149 639 4199 p.
658 4135 709 4185 258
728 4133 898 4195 ‘Quaestores
917 4130 1079 4205 (dicebantur
1096 4130 1140 4195 qut
1156 4130 1311 4194 quwerent
1328 4125 1362 4175 de
1379 4139 1422 4173 re·

281 4219 336 4285 bus)
354 4219 520 4285 capitalibus,
536 4220 604 4269 unde
622 4215 708 4282 (iidem
726 4218 800 4270 etidm
819 4258 825 4269 .
846 4257 851 4268 .
871 4256 878 4271 .
897 4256 903 4269 .
923 4224 1073 4283 quaestores
1088 4211 1231 4279 parri)cidi
1246 4212 1422 4277 appellaretur'

164 4372 165 4375 Ἴ
281 4307 334 4357 nen
351 4306 414 4357 sine
432 4306 527 4371 specie
545 4304 730 4356 Gothoiredus
748 4305 777 4354 in
794 4304 896 4355 lacuna
912 4303 1006 4369 posuit
1024 4303 1065 4350 ‘ia
1084 4299 1146 4349 XII
1152 4303 1169 4349 ’.

346 4390 368 4456 ²)
387 4391 538 4443 Praeclare
560 4390 648 4463 dees.
670 4390 732 4455 lege
755 4388 909 4457 disputavit
926 4388 1035 4439 Rubino
1058 4387 1087 4435 in
1111 4399 1228 4435 censura
1250 4382 1317 4433 libri
1334 4382 1424 4433 Osen·

281 4475 483 4543 brneggeuiani
502 4476 535 4527 de
553 4475 703 4543 parricidio
721 4478 775 4525 vet.
794 4474 870 4525 Rom.
889 4474 967 4524 Diar.
987 4474 1073 4537 antiq.
1091 4467 1351 4534 steenstraten
1363 4480 1421 4532 sqq.

346 4559 368 4627 ³)
392 4561 471 4613 Unus
500 4562 619 4613 fortasse
642 4560 775 4612 Pithoeus
802 4558 992 4625 excipiendus,
1021 4559 1070 4623 qui
1095 4557 1136 4607 ita
1162 4554 1292 4606 formavit
1317 4552 1421 4619 legemr

282 4644 454 4713 ‘Amsegetes
472 4646 763 4721 viammuniunt031i
781 4644 828 4697 via
846 4644 990 4696 immunita
1008 4644 1092 4706 escit,
1111 4658 1167 4712 qua
1185 4641 1261 4695 volet
1272 4640 1423 4698 iumentum
1535 4668 1544 4683 .

283 4732 378 4799 agito!
