3709 5634
506 637 554 683 DE
576 636 762 684 Dvomscln
784 636 999 684 TABVLARVM
1022 635 1197 684 MEMORIA.
1407 622 1428 686 5
1462 643 1464 646 ’
1553 663 1564 678 ι

274 791 371 856 litate
385 790 571 877 suspicatus
588 798 638 854 est
653 788 868 876 exemploque
883 789 1028 854 firmavit
1049 789 1265 877 suspitionem
1279 791 1427 858 Ritsche·

274 892 340 957 lius
356 893 391 956 in
406 893 503 961 Poes.
519 901 643 956 saturn.
661 890 809 978 spicileg.
824 890 842 956 I
858 891 1008 975 (Bonnae
1026 891 1122 978 1854)
1139 915 1172 979 p.
1187 892 1208 957 5
1223 915 1272 980 sq.
1281 893 1306 979 ¹)

327 1079 330 1082 ἦ
361 994 466 1081 Atqui
489 992 570 1058 haec
591 993 700 1065 omnia
725 1010 821 1058 suam
840 993 910 1058 vim
933 993 1101 1060 habebant
1127 994 1170 1058 ad
1190 995 1427 1061 immutandam

274 1095 437 1184 paulatim
451 1095 627 1182 pristinam
642 1095 726 1180 legis
742 1093 979 1181 condicionem.
1010 1094 1142 1160 Accidit
1163 1097 1249 1162 enim
1272 1097 1359 1184 quod
1374 1121 1426 1164 so-

274 1199 322 1264 let
336 1197 486 1263 accidere
499 1198 534 1262 in
548 1219 585 1262 re
599 1221 663 1263 usu
678 1197 830 1262 diutumo
850 1196 931 1263 trita
951 1206 1050 1284 atque
1070 1219 1127 1262 ore
1142 1207 1174 1262 et
1191 1198 1361 1265 auditione
1376 1223 1426 1265 ce-

275 1300 421 1366 lebrata:
438 1309 476 1365 ut
490 1301 643 1386 antiquus
659 1297 715 1363 ille
731 1300 889 1364 sermonis
911 1297 1001 1366 color
1016 1299 1137 1364 sensim
1152 1303 1336 1388 sensimque
1351 1301 1424 1374 abs-

278 1410 461 1488 tergeretur
475 1412 508 1468 et
522 1402 565 1466 ad
579 1401 747 1488 propriam
762 1401 919 1488 cuiusque
936 1402 1055 1466 aetatis
1073 1403 1342 1468 consuetudinem
1359 1426 1424 1468 ma-

276 1505 327 1590 gis
344 1503 693 1587 accommodaretur),
709 1503 846 1589 perinde
860 1514 898 1569 ut
908 1503 1047 1568 Lutheri
1064 1491 1218 1569 nostratis
1234 1505 1425 1592 Scripturas

276 1629 391 1672 sacrae
406 1606 551 1671 versioni
565 1605 724 1690 obtigisse
738 1615 851 1671 notum
872 1617 932 1672 est.
964 1605 1058 1688 Quae
1078 1629 1130 1670 res
1151 1615 1188 1672 ut
1207 1607 1306 1672 valde
1326 1627 1424 1694 appo-

275 1709 340 1774 sita
361 1708 427 1776 fuit
446 1718 544 1794 atque
567 1709 648 1773 adeo
670 1711 855 1773 necessaria
875 1709 919 1774 ad
938 1707 1065 1794 largam
1085 1707 1177 1772 illam
1196 1707 1350 1774 utilitatis
1372 1731 1424 1776 co·

274 1811 364 1898 piam
378 1808 500 1897 populo
515 1809 806 1897 suppeditandam,
821 1810 869 1875 ita
884 1810 1116 1878 detrimentum
1137 1809 1248 1875 attulit
1267 1811 1424 1894 gravissi-

275 1935 363 1977 mum
386 1920 420 1977 et
439 1934 617 1998 numquam
637 1935 704 1978 non
730 1910 906 1977 dolendum
926 1911 1149 2000 grammaticis
1173 1911 1301 1977 studiis.
1339 1910 1423 1974 Nam

275 2037 357 2102 quae
373 2014 408 2079 in
423 2015 575 2102 quintum
589 2025 623 2081 et
637 2023 767 2080 sextum
780 2014 872 2080 urbis
892 2014 1060 2080 saeculum
1075 2013 1192 2090 incidit
1211 2012 1342 2100 linguae
1364 2013 1423 2078 im·

343 2305 364 2372 ¹)
384 2309 444 2359 ‘De
461 2306 506 2358 his
524 2308 596 2358 enim
613 2306 707 2358 verbis
726 2306 779 2357 etsi
797 2306 827 2356 in
850 2305 977 2358 diversas
998 2310 1094 2373 partes
1118 2323 1180 2358 cum
1202 2306 1310 2356 discedi
1331 2311 1425 2372 potest

240 2414 242 2418 ·
275 2397 332 2442 tum
350 2391 505 2444 discessum
524 2396 580 2456 est,
599 2395 692 2442 tamen
710 2392 765 2441 arti
784 2392 954 2442 conveniens
972 2393 1167 2458 interpretatio
1189 2393 1237 2442 via
1257 2391 1332 2441 aliud
1351 2393 1423 2457 pati-

275 2485 319 2528 tur
335 2478 393 2545 nisi
409 2481 441 2527 nt
457 2493 556 2543 reapse
574 2475 652 2542 leges
671 2475 725 2526 XII
742 2475 902 2526 tabularum
920 2475 988 2528 illae
1008 2477 1160 2541 aliquando
1179 2473 1271 2526 fuisse
1294 2476 1323 2526 in
1342 2477 1424 2527 metri

275 2563 392 2615 formam
409 2563 540 2615 redactae
563 2561 719 2615 credantur.
756 2563 834 2625 Quae
858 2576 902 2612 res
928 2577 1010 2627 quam
1033 2565 1062 2613 et
1085 2577 1102 2612 a
1124 2560 1255 2612 similium
1281 2577 1422 2626 compara-

274 2649 348 2700 tione
368 2649 635 2700 commendationem
652 2652 681 2697 et
698 2647 905 2699 demonstrandi
922 2646 1106 2712 multiplicem
1120 2647 1277 2698 cautionem
1295 2646 1422 2710 haberet,

274 2734 457 2784 meminerunt
483 2737 562 2799 puto,
592 2732 639 2797 qui
667 2732 788 2797 publicis
814 2732 920 2783 scholis
949 2732 1052 2784 nostris
1082 2732 1282 2790 interfuerunt,
1315 2729 1422 2794 aliquot

275 2819 408 2885 exemplis
427 2819 468 2870 ita
484 2834 535 2869 nos
552 2822 713 2884 persecutos
732 2832 809 2880 esse,
828 2822 859 2868 ut
877 2834 964 2884 genus
982 2832 1155 2868 numerorum
1179 2832 1213 2866 ne
1237 2816 1289 2865 hoc
1313 2815 1422 2880 quidem

275 2903 350 2954 aliud
369 2908 454 2968 atque
472 2903 632 2954 Saturnium
650 2903 737 2955 luisse
757 2903 975 2958 ostenderemus.
1011 2902 1096 2954 Velut
1112 2902 1202 2966 ipsum
1224 2899 1294 2950 illud
1312 2899 1422 2951 Cicero·

275 2990 317 3038 nis
340 2988 495 3054 exemplum
514 2988 561 3038 'ad
584 3003 645 3039 eam
668 3003 793 3038 normam
814 2988 872 3038 leni
895 2989 977 3038 unius
999 2987 1116 3040 voculae
1141 2985 1358 3051 transpositione
1382 2986 1423 3037 sic

275 3074 398 3126 accedit:

471 3159 532 3210 Hoc
549 3156 612 3226 pltis
631 3175 667 3209 ns
686 3157 787 3210 ficita:
805 3156 841 3209 nd
859 3173 955 3224 rogum
973 3156 1104 3208 -ascia
1121 3154 1218 3223 polito.

274 3245 328 3295 nisi
340 3249 402 3295 “ne
416 3243 521 3296 Asci-
533 3243 550 3294 i.
562 3242 658 3310 rogim
670 3242 785 3310 polit0'’
799 3243 890 3295 malis.
914 3244 1088 3308 Quamquam
1101 3243 1187 3292 etiam
1206 3239 1329 3308 “rigum
1341 3257 1377 3291 ne
1388 3269 1423 3279 -

274 3329 352 3380 isaii,
370 3327 485 3394 polit0”
503 3329 589 3380 habet
612 3329 660 3395 qui
681 3328 854 3384 defendatur.
890 3331 961 3380 Nam
978 3329 1051 3380 omni
1068 3327 1249 3393 supersedere
1268 3328 1419 3392 transposI·

274 3415 349 3465 tione
367 3416 409 3464 iia
427 3418 535 3466 tantum
552 3415 672 3480 poteris,
690 3418 722 3463 ut
735 3418 848 3464 'resecto
865 3415 1042 3480 pronomIne‚
1066 3413 1138 3479 quod
1155 3416 1249 3463 tamen
1266 3412 1321 3476 ipsi
1340 3411 1418 3463 Cice·

274 3501 334 3550 roni
350 3499 476 3551 tribuere
493 3500 541 3552 vix
560 3499 663 3563 ausim,
681 3499 814 3564 scriptum
833 3499 921 3550 fuisse
940 3501 969 3549 in
986 3500 1041 3550 XII
1058 3499 1152 3549 dicas:

469 3584 536 3634 Plus
554 3582 589 3634 nd
607 3582 710 3634 facitis
729 3599 825 3650 rogum
843 3584 902 3636 iaci
918 3611 953 3622 —
971 3584 988 3636 a
1006 3582 1041 3634 nd
1059 3581 1168 3649 polito!
1182 3609 1215 3618 —

274 3671 362 3720 Favet
379 3669 427 3719 isti
444 3671 568 3736 opinioni
587 3671 672 3720 etiam
689 3670 825 3734 oppositio
844 3669 917 3736 apud
936 3668 995 3722 Cic.
1013 3669 1046 3720 de
1065 3685 1103 3720 or.
1122 3669 1137 3718 I
1154 3669 1195 3727 5⁷,
1214 3668 1264 3718 245
1282 3672 1326 3718 ‘at
1344 3675 1422 3720 totam

273 3757 335 3806 ittad
351 3757 418 3805 “ati
438 3757 524 3820 tinpua
549 3755 739 3819 nuncupatam
758 3771 809 3804 non
830 3753 859 3804 in
877 3755 939 3804 XII
956 3754 1060 3812 tabulis,
1080 3768 1144 3818 quaa
1161 3759 1188 3802 tu
1206 3752 1318 3803 omnibus
1335 3752 1422 3804 billio·
1489 3782 1494 3791 ·

274 3840 352 3891 thecia
369 3842 516 3905 anteponis,
533 3841 625 3890 sedin
646 3841 763 3903 magistri
785 3842 924 3890 carmine
946 3840 1069 3903 scriptum
1090 3839 1242 3888 videretur)
1278 3836 1368 3900 Atque
1388 3853 1422 3888 ex

273 3925 317 3976 his
334 3925 404 3976 locis
427 3927 484 3976 iam
500 3925 630 3976 Budaeus
653 3924 770 3990 aliique,
795 3924 829 3974 de
852 3924 952 3988 quibus
976 3923 1013 3974 cf.
1033 3924 1099 3974 Otto
1117 3921 1251 3973 Thesaur.
1270 3921 1313 3972 III
1330 3921 1420 3986 praef.

274 4026 301 4074 p.
317 4011 347 4074 5,
374 4009 409 4060 de
426 4011 544 4061 metrica
562 4012 650 4061 forma
667 4011 861 4075 cogitaverunt
884 4009 938 4060 etsi
959 4009 1053 4074 inepte
1079 4023 1139 4057 eam
1163 4005 1232 4071 ipsis
1256 4006 1421 4057 decemviris

274 4094 436 4147 tribuentes.
461 4095 564 4146 Contra
581 4094 704 4160 vulgaris
723 4094 751 4144 in
769 4094 831 4145 loco
849 4094 883 4146 de
900 4094 976 4160 legg.
994 4089 1140 4144 verliorum
1159 4090 1355 4155 explicationis
1372 4105 1421 4156 pa-

274 4179 419 4230 trocinium
436 4181 560 4246 suscepit
571 4181 745 4230 Duentaerus
763 4179 792 4228 in
805 4176 959 4230 Muetzellii
971 4177 1070 4232 Arnai,
1083 4177 1124 4228 rei
1136 4190 1226 4242 gymn.
1241 4175 1306 4226 1857
1324 4191 1350 4240 p.
1363 4177 1380 4225 3
1393 4191 1419 4227 n.

274 4264 321 4326 (ct.
338 4265 545 4330 Bemhardyius
563 4265 638 4314 Hist.
660 4265 716 4316 litt.
735 4279 801 4314 rom.
820 4281 848 4330 p.
866 4267 916 4316 37⁷
935 4264 977 4315 ed.
995 4263 1023 4328 4)
1045 4262 1147 4314 collato
1166 4261 1291 4312 Senecae
1310 4259 1329 4310 l.
1350 4259 1420 4311 Cou-

272 4353 342 4400 trov.
360 4349 388 4402 Π
407 4353 439 4401 10
457 4353 540 4416 ‘quoa
560 4351 707 4401 scholastici
729 4351 826 4415 qnasi
846 4365 948 4400 carmen
972 4351 1132 4400 didicerant’
1151 4361 1233 4410 quem
1256 4346 1354 4398 merito
1377 4362 1420 4396 re·

274 4408 347 4483 ferni
364 4422 536 4486 Ribbeekius
553 4436 583 4485 tn
600 4433 781 4489 Fleckeisen
797 4433 897 4486 senar.
916 4433 983 4499 pun.
1000 4449 1026 4486 v.
1045 4435 1077 4485 rr
1096 4450 1123 4498 p.
1141 4435 1199 4482 ιιι.

339 4517 361 4582 ²)
382 4518 418 4569 cf.
436 4519 543 4571 Marius
560 4520 719 4570 Victorinus
737 4535 764 4586 p.
783 4521 851 4570 2458
868 4519 900 4570 P.
918 4519 964 4568 lta
987 4520 1081 4577 nostri,
1104 4525 1132 4568 ut
1156 4524 1269 4583 apparet
1290 4533 1325 4568 ex
1348 4517 1420 4567 tibris

275 4605 383 4670 antiquie
398 4605 531 4669 foederum
548 4613 574 4654 et
594 4602 647 4671 [ex]
666 4608 753 4670 lapara,
773 4606 817 4671 qai
828 4606 927 4656 etianasi
944 4620 980 4654 ece
994 4605 1129 4670 frequenti
1139 4605 1355 4670 transscriptione
1373 4603 1421 4652 ati·

276 4690 335 4756 qaid
350 4696 490 4752 nudarant,
509 4697 591 4740 waren
608 4691 721 4742 retinent
739 4691 914 4758 antiquitatem
933 4704 960 4740 e·
980 4704 1004 4754 q.
1025 4703 1046 4740 s.
