3709 5634
775 624 914 672 aarum
935 622 1011 671 vrn.
1399 606 1458 684 151

399 780 429 843 2.
455 779 522 865 (IX
536 778 571 865 4)
595 779 793 865 Pomponius
811 776 833 843 l.
849 778 933 863 sing.
949 777 1083 843 Euchir.
1107 778 1151 842 D.
1169 780 1195 853 l,
1212 779 1242 860 2,
1258 779 1278 841 2
1293 782 1314 860 ξ
1330 778 1380 845 23.
1403 778 1461 843 ‘Et

298 881 408 968 quia,
431 891 469 947 ut
491 880 651 962 diximus,
675 880 716 945 de
738 880 844 967 capite
867 879 955 944 uiuis·
965 880 1104 945 Romani
1124 880 1252 947 iniussu
1266 878 1379 967 populi
1393 903 1460 946 non

247 1046 251 1055 ,
314 993 385 1049 erat
405 984 478 1079 lege
500 983 694 1069 permissum
718 982 908 1047 consulibus
931 983 982 1047 ius
1006 982 1130 1049 dicere:
1161 991 1336 1073 propterea
1362 1004 1458 1069 quae·

313 1095 419 1151 stores
442 1085 727 1151 constituebantur
748 1106 768 1147 a
790 1084 911 1170 populo
918 1132 927 1165 ,
951 1084 1007 1170 qui
1029 1083 1228 1171 capitalibus
1244 1085 1343 1149 rebus
1365 1108 1458 1172 prae-

312 1196 437 1271 essent3
465 1185 498 1249 hi
521 1186 774 1274 appellabantur
799 1195 1036 1272 quaest-ores
1062 1186 1297 1273 parricidii,
1321 1209 1459 1272 quorum

245 1302 250 1312 '
310 1290 411 1355 etiam
433 1289 581 1355 meminit
600 1288 653 1353 lex
677 1287 849 1354 duodecim
871 1287 1080 1354 tabularum!

800 1441 854 1506 26.
878 1440 960 1529 (25.)

398 1547 426 1609 1.
450 1563 509 1623 ρνι
531 1562 656 1609 manvu
678 1560 821 1608 osunen
844 1560 1072 1609 rucnnrnssrr
1283 1614 1285 1618 ¹

394 1649 425 1713 2.
450 1647 555 1712 Gaius
571 1645 593 1710 l.
610 1647 657 1711 IV
680 1646 723 1710 ad
745 1644 852 1730 legem
868 1645 940 1710 XII
954 1644 1148 1711 tabularum.
1170 1645 1214 1709 D.
1229 1644 1282 1727 50,
1309 1646 1359 1727 16,
1381 1648 1455 1711 236.

308 1750 388 1831 ‘Qui
410 1771 605 1814 uenenum
627 1748 718 1830 dicit,
741 1747 884 1812 adiicere
903 1748 1012 1829 debet,
1033 1757 1145 1813 utrum
1166 1746 1311 1811 malum
1334 1770 1377 1812 an
1398 1749 1454 1814 bo·
1530 1773 1533 1779 ·

307 1874 401 1916 num:
419 1874 495 1915 nam
511 1859 543 1915 et
556 1849 797 1915 medicamenta
811 1873 940 1915 uenena
955 1860 1046 1931 sunt,
1067 1850 1144 1936 quia
1158 1872 1197 1915 eo
1212 1849 1344 1915 nomine
1359 1871 1454 1914 omne

277 2028 283 2039 .
307 1952 495 2019 continetur
522 1953 609 2039 quod
630 1951 814 2017 adhibitum
841 1959 994 2017 naturam
1022 1952 1092 2017 eius
1118 1952 1173 2017 cui
1198 1950 1382 2017 adhibitum
1403 1960 1454 2017 est

307 2061 436 2119 mutat?

784 2173 864 2239 *XI
903 2173 956 2236 26.

390 2262 526 2342 Porcius
548 2276 649 2341 Latro
671 2284 864 2362 personatus
880 2174 1017 2339 decldm.
1040 2261 1192 2341 in'Catil.
1215 2276 1266 2340 19.
1288 2276 1452 2342 ‘Primum

306 2376 478 2443 duodecim
501 2375 622 2443 tabulis
645 2386 777 2441 cautum
800 2398 872 2441 esse
895 2378 1132 2461 cognoscimus,
1155 2378 1292 2464 nequis
1315 2378 1348 2441 in
1370 2380 1452 2445 urbe

299 2474 417 2545 'coetus
441 2488 616 2545 nocturnos
640 2478 804 2564 agitaret?

398 2654 510 2661 ..-....-..

305 2787 396 2823 errore
414 2787 449 2822 eae
467 2772 657 2836 inscriptionum
672 2772 859 2835 permutatione
878 2773 925 2834 lep.
946 2774 961 2819 1
979 2776 1005 2820 et
1022 2774 1039 2819 2
1056 2779 1130 2822 orto:
1153 2773 1186 2821 de
1204 2789 1254 2837 qua
1270 2788 1301 2822 re
1324 2775 1359 2837 cf.
1376 2774 1450 2839 Heff·

303 2863 374 2906 terra
396 2858 422 2906 in
439 2856 509 2906 Mus.
530 2856 601 2909 rlzen,
626 2858 674 2909 ίαν.
694 2855 728 2905 Il
747 2858 799 2905 183
815 2854 866 2921 sq.)
892 2856 934 2905 Io.
954 2855 1047 2919 Lydus
1073 2856 1107 2906 de
1130 2856 1255 2921 magistr.
1277 2858 1292 2908 I
1314 2860 1347 2909 26
1371 2856 1449 2911 Γάιος

302 2937 401 2991 τοίνυν
419 2939 435 2991 ὁ
453 2938 567 3003 νομικὸς
587 2938 677 3005 ἐντῷ
696 2937 913 3004 ἐπιγραφομένῳ
933 2939 1005 3005 παρ’
1024 2938 1113 2991 αὐτοῦ
1133 2941 1169 2990 ad
1187 2940 1277 3007 legem
1296 2943 1350 2993 XII
1367 2944 1447 2995 tabu-

302 3024 399 3085 larum,
419 3022 479 3077 οίον
498 3022 538 3076 εἰ(
555 3023 608 3075 τὸν
627 3023 717 3087 νόμον
735 3026 787 3075 τοῦ
806 3023 1040 3090 δυοδεκαδέλτου,
1060 3023 1157 3076 αὐτοῖς
1169 3023 1269 3090 ῥήματι
1282 3025 1353 3091 πρὸ(
1366 3027 1448 3094 ἑρμη-

303 3106 382 3161 νείαν
399 3112 491 3161 ταῦτα
508 3106 604 3175 φηιίν·
625 3147 732 3161 .....
748 3108 843 3173 ἐπειδὴ
863 3107 894 3159 δέ
912 3109 977 3173 περί
995 3110 1148 3175 κεφαλικῆε
1165 3107 1300 3174 τιμωρία(
1318 3110 1371 3163 οὐκ
1382 3112 1449 3178 ἐξῆν

301 3198 363 3246 τοῖς
381 3193 494 3259 ἄρχουςι
512 3193 583 3246 κατὰ
596 3191 734 3257 Ῥωμαίου
747 3192 865 3245 πολίτου
883 3191 1067 3259 ψηφίεατθαι,
1087 3193 1301 3260 προεβλήθηεαν
1314 3194 1448 3249 κυαίττω-

303 3293 351 3344 ρε(
375 3276 555 3343 παρρικίδιοι,
579 3278 682 3331 ὡιανεί
706 3279 796 3344 κριταί
820 3279 864 3330 καί
887 3278 1012 3331 δικατταί
1037 3281 1098 3331 τῶν
1124 3277 1243 3333 πολίτας
1271 3280 1447 3334 ἀνελόντων.

302 3366 403 3414 Festus
421 3380 446 3429 p.
468 3365 518 3415 258
536 3366 572 3415 M.
592 3365 772 3426 ‘Quaestores
792 3363 967 3429 (dicebantur
985 3365 1032 3429 qui
1050 3369 1217 3430 quaererent
1236 3366 1270 3416 de
1289 3368 1382 3431 rebus)
1402 3385 1447 3420 ca-

301 3448 445 3513 pitalibus,
464 3450 536 3499 unde
557 3449 656 3512 (eidem
676 3451 760 3500 etiam
780 3448 819 3515 [in
831 3447 894 3515 XII]
914 3454 1078 3515 quaestores
1095 3449 1241 3516 parri)cidi
1259 3452 1446 3518 appellantur’

301 3534 341 3598 (in
350 3534 405 3584 XII
413 3538 497 3599 suppl.
511 3535 626 3598 Gotbofr.
640 3537 666 3584 in
678 3533 747 3600 lac).
763 3535 797 3586 cf.
809 3536 911 3586 Paulus
922 3551 980 3589 exc.
992 3552 1026 3587 ex
1034 3536 1118 3587 Festo
1131 3553 1156 3601 p.
1164 3539 1213 3587 221
1224 3538 1261 3591 M.
1275 3538 1445 3604 ‘ParricI(di)

304 3623 466 3683 quaestores
486 3620 702 3685 appellabantur
725 3622 771 3686 qui
797 3621 926 3671 solebant
949 3621 1038 3672 creari
1062 3636 1148 3671 causa
1170 3637 1259 3672 rerum
1282 3624 1446 3689 capitalium

302 3703 528 3767 quaerendarum.
563 3704 632 3754 Nem
656 3706 797 3769 parricida
822 3722 876 3756 non
899 3707 995 3771 utique
1014 3706 1039 3755 is
1062 3707 1109 3771 qui
1132 3711 1276 3772 parentem
1295 3710 1445 3760 occidisset

300 3788 457 3853 dicebatur,
478 3789 525 3840 sed
545 3789 763 3856 qualemcunque
781 3791 918 3841 hominem
936 3792 1132 3843 indemnatum.
1166 3792 1212 3842 Ita
1233 3793 1319 3844 fuisse
1337 3794 1445 3845 indicat

300 3872 355 3923 lex
372 3874 496 3923 Numae
515 3874 645 3940 Pompilii
667 3877 755 3941 regis,
774 3877 817 3927 his
836 3877 990 3942 composita
1008 3878 1115 3928 uerbis:
1139 3881 1148 3907 ί
1155 3877 1184 3927 si
1203 3878 1259 3941 qui
1277 3878 1444 3929 hominem

300 3956 443 4009 liberum
464 3958 540 4009 dolo
560 3961 675 4011 sciens
693 3962 792 4011 morti
811 3962 896 4026 duit,
915 3962 1110 4027 parricidas
1129 3965 1222 4013 esto'

368 4062 408 4110 26.
427 4061 535 4111 Plinius
554 4062 586 4112 N.
604 4063 640 4111 H.
660 4063 780 4115 XXVIII
796 4066 826 4126 4,
847 4066 877 4114 17
905 4063 1012 4127 ‘Quid‘l
1039 4080 1093 4115 non
1113 4071 1141 4115 et
1159 4065 1251 4131 legum
1268 4067 1390 4131 ipsarum
1413 4067 1443 4116 in

299 4145 352 4195 XII
366 4144 470 4196 tabulis
488 4147 575 4197 uerba
594 4152 658 4197 sunt
679 4144 723 4213 [fr.
737 4147 762 4214 ί]
782 4153 809 4198 et
827 4148 895 4199 alibi
913 4149 987 4214 ‘qui
1057 4154 1076 4201 .’
1098 4151 1135 4201 cf.
1153 4150 1190 4205 id.
1204 4152 1281 4201 XXX
1301 4154 1324 4216 1,
1344 4153 1375 4201 12
1395 4152 1442 4203 cit.

300 4228 336 4279 ad
355 4232 380 4281 7.

366 4328 427 4382 *27.
447 4332 483 4385 cf.
497 4334 594 4383 Liuius
606 4337 648 4393 39,
664 4337 695 4385 15
714 4335 849 4387 ‘Maiores
866 4337 967 4402 uestri,
986 4352 1021 4389 ne
1034 4353 1084 4389 uos
1098 4337 1207 4403 quidem
1221 4376 1226 4387 .
1242 4376 1247 4389 .
1262 4375 1268 4387 .
1284 4377 1291 4393 .
1309 4339 1381 4391 forte
1400 4343 1444 4392 te·

298 4432 372 4467 mere
392 4418 465 4468 coire
483 4419 651 4469 uoluerunt’

297 4572 500 4581 -.-.-..--——-—

384 4677 433 4736 26.
454 4680 614 4736 iueentessit
636 4679 712 4737 Voss
729 4698 775 4753 pr.
794 4680 932 4739 Riccurd.
944 4700 1012 4755 pr..·
1027 4685 1195 4742 iacentesset
1209 4690 1256 4742 ατί.
