<?xml version="1.0" encoding="UTF-8"?>
<!DOCTYPE html PUBLIC "-//W3C//DTD XHTML 1.0 Transitional//EN"
    "http://www.w3.org/TR/xhtml1/DTD/xhtml1-transitional.dtd">
<html xmlns="http://www.w3.org/1999/xhtml" xml:lang="en" lang="en">
 <head>
  <title>
</title>
<meta http-equiv="Content-Type" content="text/html;charset=utf-8" />
  <meta name='ocr-system' content='tesseract 3.04.00' />
  <meta name='ocr-capabilities' content='ocr_page ocr_carea ocr_par ocr_line ocrx_word'/>
</head>
<body>
  <div class='ocr_page' id='page_1' title='image "./legisdvodecimta00schgoog_0109.png"; bbox 0 0 3709 5634; ppageno 0'>
   <div class='ocr_carea' id='block_1_1' title="bbox 423 638 1426 715">
    <p class='ocr_par' dir='ltr' id='par_1_1' title="bbox 423 638 1426 715">
     <span class='ocr_line' id='line_1_1' title="bbox 423 638 1426 715; baseline 0.005 -16"><span class='ocrx_word' id='word_1_1' title='bbox 423 652 471 699; x_wconf 84' lang='lat' dir='ltr'>na</span> <span class='ocrx_word' id='word_1_2' title='bbox 493 652 544 699; x_wconf 82' lang='lat' dir='ltr'>xu</span> <span class='ocrx_word' id='word_1_3' title='bbox 567 651 779 701; x_wconf 75' lang='lat' dir='ltr'>uanvuaavu</span> <span class='ocrx_word' id='word_1_4' title='bbox 802 654 980 715; x_wconf 78' lang='lat' dir='ltr'>auu1qv11s</span> <span class='ocrx_word' id='word_1_5' title='bbox 1003 652 1289 704; x_wconf 79' lang='lat' dir='ltr'>oousmrvnuurs.</span> <span class='ocrx_word' id='word_1_6' title='bbox 1387 638 1426 705; x_wconf 82' lang='lat'>91</span> 
     </span>
    </p>
   </div>
   <div class='ocr_carea' id='block_1_2' title="bbox 219 783 1504 2833">
    <p class='ocr_par' dir='ltr' id='par_1_2' title="bbox 219 783 1504 2833">
     <span class='ocr_line' id='line_1_2' title="bbox 285 783 1428 895; baseline 0.003 -22"><span class='ocrx_word' id='word_1_7' title='bbox 285 807 459 895; x_wconf 83' lang='lat' dir='ltr'><strong>pristinam</strong></span> <span class='ocrx_word' id='word_1_8' title='bbox 473 806 620 873; x_wconf 78' lang='lat' dir='ltr'>vocalem</span> <span class='ocrx_word' id='word_1_9' title='bbox 635 808 698 873; x_wconf 92' lang='lat' dir='ltr'>oin</span> <span class='ocrx_word' id='word_1_10' title='bbox 710 794 892 894; x_wconf 79' lang='lat' dir='ltr'>participiis</span> <span class='ocrx_word' id='word_1_11' title='bbox 903 809 989 890; x_wconf 81' lang='lat' dir='ltr'>istis,</span> <span class='ocrx_word' id='word_1_12' title='bbox 1006 810 1086 874; x_wconf 90' lang='lat' dir='ltr'>item</span> <span class='ocrx_word' id='word_1_13' title='bbox 1100 810 1135 873; x_wconf 92' lang='lat' dir='ltr'>in</span> <span class='ocrx_word' id='word_1_14' title='bbox 1152 783 1369 876; x_wconf 75' lang='lat' dir='ltr'>substantivis</span> <span class='ocrx_word' id='word_1_15' title='bbox 1385 810 1428 876; x_wconf 90' lang='lat' dir='ltr'>ad</span> 
     </span>
     <span class='ocr_line' id='line_1_3' title="bbox 285 908 1428 998; baseline 0.003 -24"><span class='ocrx_word' id='word_1_16' title='bbox 285 932 368 996; x_wconf 88' lang='lat' dir='ltr'>quae</span> <span class='ocrx_word' id='word_1_17' title='bbox 379 911 568 975; x_wconf 85' lang='lat' dir='ltr'>referuntur</span> <span class='ocrx_word' id='word_1_18' title='bbox 577 908 692 991; x_wconf 83' lang='lat' dir='ltr'>honos,</span> <span class='ocrx_word' id='word_1_19' title='bbox 705 930 806 975; x_wconf 87' lang='lat' dir='ltr'>venos</span> <span class='ocrx_word' id='word_1_20' title='bbox 816 910 873 994; x_wconf 85' lang='lat' dir='ltr'>(cf.</span> <span class='ocrx_word' id='word_1_21' title='bbox 886 910 976 975; x_wconf 87' lang='lat' dir='ltr'>tituli</span> <span class='ocrx_word' id='word_1_22' title='bbox 986 910 1192 998; x_wconf 91' lang='lat' dir='ltr'>speculorum</span> <span class='ocrx_word' id='word_1_23' title='bbox 1202 912 1345 977; x_wconf 88' lang='lat' dir='ltr'>inPrisc.</span> <span class='ocrx_word' id='word_1_24' title='bbox 1352 913 1428 978; x_wconf 88' lang='lat' dir='ltr'>Lat.</span> 
     </span>
     <span class='ocr_line' id='line_1_4' title="bbox 284 1010 1427 1102; baseline 0.002 -25"><span class='ocrx_word' id='word_1_25' title='bbox 284 1012 372 1078; x_wconf 91' lang='lat' dir='ltr'>Mon.</span> <span class='ocrx_word' id='word_1_26' title='bbox 391 1035 442 1098; x_wconf 89' lang='lat' dir='ltr'>ep.</span> <span class='ocrx_word' id='word_1_27' title='bbox 459 1012 512 1077; x_wconf 90' lang='lat' dir='ltr'>XI</span> <span class='ocrx_word' id='word_1_28' title='bbox 526 1012 571 1077; x_wconf 90' lang='lat' dir='ltr'>M.</span> <span class='ocrx_word' id='word_1_29' title='bbox 587 1010 656 1096; x_wconf 86' lang='lat' dir='ltr'>N.),</span> <span class='ocrx_word' id='word_1_30' title='bbox 672 1012 798 1093; x_wconf 86' lang='lat' dir='ltr'>modus,</span> <span class='ocrx_word' id='word_1_31' title='bbox 815 1012 932 1095; x_wconf 87' lang='lat' dir='ltr'>scelus,</span> <span class='ocrx_word' id='word_1_32' title='bbox 949 1016 1049 1079; x_wconf 90' lang='lat' dir='ltr'>robus</span> <span class='ocrx_word' id='word_1_33' title='bbox 1066 1014 1173 1099; x_wconf 85' lang='lat' dir='ltr'><strong>(Paul.</strong></span> <span class='ocrx_word' id='word_1_34' title='bbox 1184 1014 1268 1079; x_wconf 86' lang='lat' dir='ltr'>Exc.</span> <span class='ocrx_word' id='word_1_35' title='bbox 1279 1014 1384 1102; x_wconf 66' lang='lat' dir='ltr'>pact</span> <span class='ocrx_word' id='word_1_36' title='bbox 1395 1039 1427 1081; x_wconf 92' lang='lat' dir='ltr'>v.</span> 
     </span>
     <span class='ocr_line' id='line_1_5' title="bbox 283 1114 1427 1204; baseline 0.001 -25"><span class='ocrx_word' id='word_1_37' title='bbox 283 1114 647 1202; x_wconf 77' lang='lat' dir='ltr'>nobum),funus,vetus</span> <span class='ocrx_word' id='word_1_38' title='bbox 656 1114 691 1199; x_wconf 85' lang='lat' dir='ltr'>(i.</span> <span class='ocrx_word' id='word_1_39' title='bbox 699 1136 726 1178; x_wconf 91' lang='lat' dir='ltr'>e.</span> <span class='ocrx_word' id='word_1_40' title='bbox 735 1114 817 1194; x_wconf 68' lang='grc' dir='ltr'><em>ἔτος,</em></span> <span class='ocrx_word' id='word_1_41' title='bbox 825 1114 1034 1181; x_wconf 68' lang='lat' dir='ltr'>eluctus-tas</span> <span class='ocrx_word' id='word_1_42' title='bbox 1046 1138 1120 1181; x_wconf 93' lang='lat' dir='ltr'>cum</span> <span class='ocrx_word' id='word_1_43' title='bbox 1126 1126 1318 1204; x_wconf 80' lang='lat' dir='ltr'>tempas-tas</span> <span class='ocrx_word' id='word_1_44' title='bbox 1326 1118 1427 1201; x_wconf 83' lang='lat' dir='ltr'>sim),</span> 
     </span>
     <span class='ocr_line' id='line_1_6' title="bbox 283 1216 1427 1303; baseline 0.001 -20"><span class='ocrx_word' id='word_1_45' title='bbox 283 1228 423 1303; x_wconf 85' lang='lat' dir='ltr'>tempus,</span> <span class='ocrx_word' id='word_1_46' title='bbox 435 1238 527 1299; x_wconf 88' lang='lat' dir='ltr'>onus,</span> <span class='ocrx_word' id='word_1_47' title='bbox 540 1216 668 1299; x_wconf 88' lang='lat' dir='ltr'>foedus,</span> <span class='ocrx_word' id='word_1_48' title='bbox 681 1238 787 1301; x_wconf 86' lang='lat' dir='ltr'>augur</span> <span class='ocrx_word' id='word_1_49' title='bbox 802 1216 994 1303; x_wconf 88' lang='lat' dir='ltr'>plerumque</span> <span class='ocrx_word' id='word_1_50' title='bbox 1004 1219 1039 1282; x_wconf 93' lang='lat' dir='ltr'>in</span> <span class='ocrx_word' id='word_1_51' title='bbox 1050 1241 1083 1299; x_wconf 83' lang='lat' dir='ltr'>u,</span> <span class='ocrx_word' id='word_1_52' title='bbox 1096 1219 1129 1282; x_wconf 92' lang='lat' dir='ltr'>in</span> <span class='ocrx_word' id='word_1_53' title='bbox 1143 1219 1255 1284; x_wconf 89' lang='lat' dir='ltr'>verbis</span> <span class='ocrx_word' id='word_1_54' title='bbox 1268 1218 1427 1284; x_wconf 87' lang='lat' dir='ltr'>derivatis</span> 
     </span>
     <span class='ocr_line' id='line_1_7' title="bbox 283 1319 1429 1387; baseline 0.003 -4"><span class='ocrx_word' id='word_1_55' title='bbox 283 1342 398 1383; x_wconf 92' lang='lat' dir='ltr'>rursus</span> <span class='ocrx_word' id='word_1_56' title='bbox 414 1319 449 1382; x_wconf 93' lang='lat' dir='ltr'>in</span> <span class='ocrx_word' id='word_1_57' title='bbox 464 1342 482 1382; x_wconf 91' lang='lat' dir='ltr'>e</span> <span class='ocrx_word' id='word_1_58' title='bbox 497 1327 656 1383; x_wconf 90' lang='lat' dir='ltr'>mutatam</span> <span class='ocrx_word' id='word_1_59' title='bbox 671 1319 741 1386; x_wconf 90' lang='lat' dir='ltr'>sola</span> <span class='ocrx_word' id='word_1_60' title='bbox 756 1319 932 1385; x_wconf 88' lang='lat' dir='ltr'>roborandi</span> <span class='ocrx_word' id='word_1_61' title='bbox 947 1328 980 1383; x_wconf 91' lang='lat' dir='ltr'>et</span> <span class='ocrx_word' id='word_1_62' title='bbox 988 1319 1173 1385; x_wconf 90' lang='lat' dir='ltr'>honorandi</span> <span class='ocrx_word' id='word_1_63' title='bbox 1185 1322 1289 1387; x_wconf 88' lang='lat' dir='ltr'>verba</span> <span class='ocrx_word' id='word_1_64' title='bbox 1299 1321 1429 1387; x_wconf 87' lang='lat' dir='ltr'>-licet</span> 
     </span>
     <span class='ocr_line' id='line_1_8' title="bbox 282 1419 1428 1508; baseline 0.006 -25"><span class='ocrx_word' id='word_1_65' title='bbox 282 1420 317 1483; x_wconf 92' lang='lat' dir='ltr'>in</span> <span class='ocrx_word' id='word_1_66' title='bbox 331 1419 471 1487; x_wconf 90' lang='lat' dir='ltr'>bociam</span> <span class='ocrx_word' id='word_1_67' title='bbox 483 1430 578 1486; x_wconf 85' lang='lat' dir='ltr'>vetus</span> <span class='ocrx_word' id='word_1_68' title='bbox 590 1421 800 1508; x_wconf 80' lang='lat' dir='ltr'>participium</span> <span class='ocrx_word' id='word_1_69' title='bbox 812 1421 975 1507; x_wconf 81' lang='lat' dir='ltr'>spreverit</span> <span class='ocrx_word' id='word_1_70' title='bbox 986 1433 1263 1487; x_wconf 77' lang='lat' dir='ltr'>-servaverunt</span> <span class='ocrx_word' id='word_1_71' title='bbox 1286 1423 1428 1490; x_wconf 89' lang='lat' dir='ltr'>Omnino</span> 
     </span>
     <span class='ocr_line' id='line_1_9' title="bbox 282 1521 1429 1610; baseline 0 -21"><span class='ocrx_word' id='word_1_72' title='bbox 282 1524 445 1589; x_wconf 86' lang='lat' dir='ltr'>vetustior</span> <span class='ocrx_word' id='word_1_73' title='bbox 460 1544 566 1587; x_wconf 88' lang='lat' dir='ltr'>sermo</span> <span class='ocrx_word' id='word_1_74' title='bbox 581 1521 754 1587; x_wconf 90' lang='lat' dir='ltr'>multorum</span> <span class='ocrx_word' id='word_1_75' title='bbox 771 1523 949 1589; x_wconf 91' lang='lat' dir='ltr'>verborum</span> <span class='ocrx_word' id='word_1_76' title='bbox 969 1524 1115 1598; x_wconf 78' lang='lat' dir='ltr'>nativam</span> <span class='ocrx_word' id='word_1_77' title='bbox 1130 1524 1273 1610; x_wconf 89' lang='lat' dir='ltr'>speciem</span> <span class='ocrx_word' id='word_1_78' title='bbox 1293 1526 1328 1590; x_wconf 91' lang='lat' dir='ltr'>in</span> <span class='ocrx_word' id='word_1_79' title='bbox 1343 1548 1429 1593; x_wconf 91' lang='lat' dir='ltr'>com-</span> 
     </span>
     <span class='ocr_line' id='line_1_10' title="bbox 281 1624 1429 1713; baseline 0.002 -21"><span class='ocrx_word' id='word_1_80' title='bbox 281 1626 401 1713; x_wconf 87' lang='lat' dir='ltr'>positis</span> <span class='ocrx_word' id='word_1_81' title='bbox 417 1624 558 1689; x_wconf 89' lang='lat' dir='ltr'>maxime</span> <span class='ocrx_word' id='word_1_82' title='bbox 581 1624 743 1709; x_wconf 85' lang='lat' dir='ltr'>integram</span> <span class='ocrx_word' id='word_1_83' title='bbox 759 1634 857 1711; x_wconf 89' lang='lat' dir='ltr'>atque</span> <span class='ocrx_word' id='word_1_84' title='bbox 872 1626 1028 1691; x_wconf 91' lang='lat' dir='ltr'>intactam</span> <span class='ocrx_word' id='word_1_85' title='bbox 1043 1624 1189 1712; x_wconf 87' lang='lat' dir='ltr'>reliquit,</span> <span class='ocrx_word' id='word_1_86' title='bbox 1211 1649 1296 1713; x_wconf 89' lang='lat' dir='ltr'>quae</span> <span class='ocrx_word' id='word_1_87' title='bbox 1315 1637 1429 1711; x_wconf 88' lang='lat' dir='ltr'>postca</span> 
     </span>
     <span class='ocr_line' id='line_1_11' title="bbox 280 1725 1428 1794; baseline 0.002 -3"><span class='ocrx_word' id='word_1_88' title='bbox 280 1729 314 1791; x_wconf 92' lang='lat' dir='ltr'>in</span> <span class='ocrx_word' id='word_1_89' title='bbox 338 1728 502 1793; x_wconf 84' lang='lat' dir='ltr'>noviciam</span> <span class='ocrx_word' id='word_1_90' title='bbox 523 1725 744 1792; x_wconf 85' lang='lat' dir='ltr'>derivatorum</span> <span class='ocrx_word' id='word_1_91' title='bbox 766 1726 939 1793; x_wconf 88' lang='lat' dir='ltr'>flexionem</span> <span class='ocrx_word' id='word_1_92' title='bbox 964 1728 1056 1793; x_wconf 89' lang='lat' dir='ltr'>abiit.</span> <span class='ocrx_word' id='word_1_93' title='bbox 1108 1728 1300 1794; x_wconf 81' lang='lat' dir='ltr'>Cuiusmodi</span> <span class='ocrx_word' id='word_1_94' title='bbox 1319 1751 1428 1794; x_wconf 88' lang='lat' dir='ltr'>exem·</span> 
     </span>
     <span class='ocr_line' id='line_1_12' title="bbox 280 1827 1428 1915; baseline 0.003 -22"><span class='ocrx_word' id='word_1_95' title='bbox 280 1828 372 1915; x_wconf 92' lang='lat' dir='ltr'>plum</span> <span class='ocrx_word' id='word_1_96' title='bbox 395 1828 569 1893; x_wconf 87' lang='lat' dir='ltr'>finitimum</span> <span class='ocrx_word' id='word_1_97' title='bbox 591 1827 639 1891; x_wconf 93' lang='lat' dir='ltr'>illi</span> <span class='ocrx_word' id='word_1_98' title='bbox 665 1827 746 1912; x_wconf 82' lang='lat' dir='ltr'>legis</span> <span class='ocrx_word' id='word_1_99' title='bbox 768 1830 879 1915; x_wconf 90' lang='lat' dir='ltr'>regiae</span> <span class='ocrx_word' id='word_1_100' title='bbox 900 1831 974 1915; x_wconf 90' lang='lat' dir='ltr'>ipsa</span> <span class='ocrx_word' id='word_1_101' title='bbox 994 1830 1222 1895; x_wconf 88' lang='lat' dir='ltr'>subministrat</span> <span class='ocrx_word' id='word_1_102' title='bbox 1242 1830 1313 1895; x_wconf 90' lang='lat' dir='ltr'>XII</span> <span class='ocrx_word' id='word_1_103' title='bbox 1333 1831 1428 1897; x_wconf 88' lang='lat' dir='ltr'>tabu-</span> 
     </span>
     <span class='ocr_line' id='line_1_13' title="bbox 282 1927 1426 2017; baseline 0.003 -23"><span class='ocrx_word' id='word_1_104' title='bbox 282 1929 390 1995; x_wconf 86' lang='lat' dir='ltr'>larum</span> <span class='ocrx_word' id='word_1_105' title='bbox 405 1927 460 1995; x_wconf 88' lang='lat' dir='ltr'>lex</span> <span class='ocrx_word' id='word_1_106' title='bbox 475 1934 625 1994; x_wconf 73' lang='lat' dir='ltr'>‘vindicet’</span> <span class='ocrx_word' id='word_1_107' title='bbox 643 1930 756 2013; x_wconf 79' lang='lat'><strong>(1113)</strong></span> <span class='ocrx_word' id='word_1_108' title='bbox 774 1931 816 1996; x_wconf 90' lang='lat' dir='ltr'>ab</span> <span class='ocrx_word' id='word_1_109' title='bbox 832 1932 1017 2017; x_wconf 89' lang='lat' dir='ltr'>antiquiore</span> <span class='ocrx_word' id='word_1_110' title='bbox 1028 1932 1131 1998; x_wconf 89' lang='lat' dir='ltr'>verbo</span> <span class='ocrx_word' id='word_1_111' title='bbox 1144 1932 1348 2007; x_wconf 75' lang='lat' dir='ltr'>‘vindicare’‚</span> <span class='ocrx_word' id='word_1_112' title='bbox 1364 1932 1387 1997; x_wconf 87' lang='lat' dir='ltr'>i.</span> <span class='ocrx_word' id='word_1_113' title='bbox 1399 1954 1426 1997; x_wconf 91' lang='lat' dir='ltr'>e.</span> 
     </span>
     <span class='ocr_line' id='line_1_14' title="bbox 281 2030 1428 2121; baseline 0.003 -26"><span class='ocrx_word' id='word_1_114' title='bbox 281 2032 378 2096; x_wconf 75' lang='lat' dir='ltr'>‘vim</span> <span class='ocrx_word' id='word_1_115' title='bbox 399 2030 564 2114; x_wconf 89' lang='lat' dir='ltr'>dicere&#39;‚</span> <span class='ocrx_word' id='word_1_116' title='bbox 589 2032 678 2097; x_wconf 90' lang='lat' dir='ltr'>unde</span> <span class='ocrx_word' id='word_1_117' title='bbox 699 2034 799 2097; x_wconf 83' lang='lat' dir='ltr'>etiam</span> <span class='ocrx_word' id='word_1_118' title='bbox 824 2032 987 2115; x_wconf 89' lang='lat' dir='ltr'>vindicta,</span> <span class='ocrx_word' id='word_1_119' title='bbox 1010 2033 1314 2119; x_wconf 84' lang='lat' dir='ltr'>vindex-originem</span> <span class='ocrx_word' id='word_1_120' title='bbox 1338 2055 1428 2121; x_wconf 88' lang='lat' dir='ltr'>repe·</span> 
     </span>
     <span class='ocr_line' id='line_1_15' title="bbox 280 2134 1504 2224; baseline 0 -25"><span class='ocrx_word' id='word_1_121' title='bbox 280 2144 366 2199; x_wconf 86' lang='lat' dir='ltr'>tunt.</span> <span class='ocrx_word' id='word_1_122' title='bbox 375 2134 400 2219; x_wconf 88' lang='lat'>¹)</span> <span class='ocrx_word' id='word_1_123' title='bbox 438 2134 523 2197; x_wconf 88' lang='lat' dir='ltr'>Nam</span> <span class='ocrx_word' id='word_1_124' title='bbox 538 2134 624 2221; x_wconf 93' lang='lat' dir='ltr'>quod</span> <span class='ocrx_word' id='word_1_125' title='bbox 644 2134 692 2200; x_wconf 93' lang='lat' dir='ltr'>ibi</span> <span class='ocrx_word' id='word_1_126' title='bbox 714 2157 842 2220; x_wconf 93' lang='lat' dir='ltr'>quoque</span> <span class='ocrx_word' id='word_1_127' title='bbox 862 2134 916 2199; x_wconf 90' lang='lat' dir='ltr'>vel</span> <span class='ocrx_word' id='word_1_128' title='bbox 936 2137 1179 2222; x_wconf 78' lang='lat' dir='ltr'>qoniunctivum</span> <span class='ocrx_word' id='word_1_129' title='bbox 1193 2135 1342 2224; x_wconf 86' lang='lat' dir='ltr'>Scaliger</span> <span class='ocrx_word' id='word_1_130' title='bbox 1360 2134 1382 2199; x_wconf 94' lang='lat' dir='ltr'>l.</span> <span class='ocrx_word' id='word_1_131' title='bbox 1399 2157 1427 2200; x_wconf 90' lang='lat' dir='ltr'>c.</span> <span class='ocrx_word' id='word_1_132' title='bbox 1496 2168 1504 2181; x_wconf 48' lang='grc' dir='ltr'><strong>ι</strong></span> 
     </span>
     <span class='ocr_line' id='line_1_16' title="bbox 279 2236 1428 2325; baseline 0.002 -24"><span class='ocrx_word' id='word_1_133' title='bbox 279 2236 335 2301; x_wconf 91' lang='lat' dir='ltr'>vel</span> <span class='ocrx_word' id='word_1_134' title='bbox 350 2236 498 2301; x_wconf 80' lang='lat' dir='ltr'>futurum</span> <span class='ocrx_word' id='word_1_135' title='bbox 513 2244 668 2301; x_wconf 86' lang='lat' dir='ltr'>exactum</span> <span class='ocrx_word' id='word_1_136' title='bbox 684 2236 914 2302; x_wconf 86' lang='lat' dir='ltr'>Forcelliniani</span> <span class='ocrx_word' id='word_1_137' title='bbox 936 2236 1035 2303; x_wconf 87' lang='lat' dir='ltr'>lexici</span> <span class='ocrx_word' id='word_1_138' title='bbox 1050 2238 1192 2303; x_wconf 80' lang='lat' dir='ltr'>editores</span> <span class='ocrx_word' id='word_1_139' title='bbox 1212 2238 1428 2325; x_wconf 88' lang='lat' dir='ltr'>interpretan-</span> 
     </span>
     <span class='ocr_line' id='line_1_17' title="bbox 279 2338 1428 2425; baseline 0.001 -22"><span class='ocrx_word' id='word_1_140' title='bbox 279 2348 349 2405; x_wconf 88' lang='lat' dir='ltr'>tur:</span> <span class='ocrx_word' id='word_1_141' title='bbox 367 2348 540 2425; x_wconf 90' lang='lat' dir='ltr'>utrumque</span> <span class='ocrx_word' id='word_1_142' title='bbox 549 2338 615 2402; x_wconf 89' lang='lat' dir='ltr'>iam</span> <span class='ocrx_word' id='word_1_143' title='bbox 625 2340 844 2403; x_wconf 88' lang='lat' dir='ltr'>membrorum</span> <span class='ocrx_word' id='word_1_144' title='bbox 855 2338 1073 2425; x_wconf 84' lang='lat' dir='ltr'>aequabilitas</span> <span class='ocrx_word' id='word_1_145' title='bbox 1085 2350 1190 2406; x_wconf 87' lang='lat' dir='ltr'>vetat:</span> <span class='ocrx_word' id='word_1_146' title='bbox 1210 2349 1255 2405; x_wconf 82' lang='lat' dir='ltr'>‘ai</span> <span class='ocrx_word' id='word_1_147' title='bbox 1264 2346 1428 2405; x_wconf 75' lang='lat' dir='ltr'>inductum</span> 
     </span>
     <span class='ocr_line' id='line_1_18' title="bbox 219 2440 1429 2530; baseline 0.002 -25"><span class='ocrx_word' id='word_1_148' title='bbox 219 2484 224 2493; x_wconf 85' lang='lat'><strong>·</strong></span> <span class='ocrx_word' id='word_1_149' title='bbox 277 2446 380 2518; x_wconf 82' lang='lat' dir='ltr'>fucit</span> <span class='ocrx_word' id='word_1_150' title='bbox 402 2452 454 2504; x_wconf 83' lang='lat' dir='ltr'>aut</span> <span class='ocrx_word' id='word_1_151' title='bbox 468 2440 565 2528; x_wconf 49' lang='lat' dir='ltr'>quim)</span> <span class='ocrx_word' id='word_1_152' title='bbox 587 2445 664 2505; x_wconf 81' lang='lat' dir='ltr'>endo</span> <span class='ocrx_word' id='word_1_153' title='bbox 679 2461 712 2504; x_wconf 85' lang='lat' dir='ltr'>eo</span> <span class='ocrx_word' id='word_1_154' title='bbox 727 2448 757 2505; x_wconf 78' lang='lat' dir='ltr'>tn</span> <span class='ocrx_word' id='word_1_155' title='bbox 773 2448 839 2505; x_wconf 76' lang='lat' dir='ltr'>iure</span> <span class='ocrx_word' id='word_1_156' title='bbox 854 2447 958 2506; x_wconf 75' lang='lat' dir='ltr'>vindi</span> <span class='ocrx_word' id='word_1_157' title='bbox 963 2450 999 2506; x_wconf 78' lang='lat' dir='ltr'>ci</span> <span class='ocrx_word' id='word_1_158' title='bbox 1005 2450 1039 2505; x_wconf 83' lang='lat' dir='ltr'>t&#39;</span> <span class='ocrx_word' id='word_1_159' title='bbox 1069 2444 1157 2524; x_wconf 78' lang='lat' dir='ltr'>Quin</span> <span class='ocrx_word' id='word_1_160' title='bbox 1171 2443 1346 2530; x_wconf 87' lang='lat' dir='ltr'>pristinam</span> <span class='ocrx_word' id='word_1_161' title='bbox 1360 2443 1429 2508; x_wconf 91' lang='lat' dir='ltr'>vim</span> 
     </span>
     <span class='ocr_line' id='line_1_19' title="bbox 279 2541 1426 2631; baseline -0.001 -22"><span class='ocrx_word' id='word_1_162' title='bbox 279 2541 473 2609; x_wconf 89' lang='lat' dir='ltr'>vindicandi</span> <span class='ocrx_word' id='word_1_163' title='bbox 498 2542 529 2607; x_wconf 90' lang='lat' dir='ltr'>h.</span> <span class='ocrx_word' id='word_1_164' title='bbox 546 2543 568 2606; x_wconf 93' lang='lat' dir='ltr'>l.</span> <span class='ocrx_word' id='word_1_165' title='bbox 595 2552 759 2607; x_wconf 89' lang='lat' dir='ltr'>servatam</span> <span class='ocrx_word' id='word_1_166' title='bbox 784 2544 996 2629; x_wconf 87' lang='lat' dir='ltr'>conspicuam</span> <span class='ocrx_word' id='word_1_167' title='bbox 1022 2544 1132 2609; x_wconf 89' lang='lat' dir='ltr'>reddit</span> <span class='ocrx_word' id='word_1_168' title='bbox 1152 2545 1226 2631; x_wconf 93' lang='lat' dir='ltr'>ipsa</span> <span class='ocrx_word' id='word_1_169' title='bbox 1245 2554 1426 2610; x_wconf 86' lang='lat' dir='ltr'>structura:</span> 
     </span>
     <span class='ocr_line' id='line_1_20' title="bbox 280 2636 1427 2733; baseline 0 -24"><span class='ocrx_word' id='word_1_170' title='bbox 280 2636 481 2731; x_wconf 82' lang='lat' dir='ltr'>quamquam</span> <span class='ocrx_word' id='word_1_171' title='bbox 506 2668 571 2711; x_wconf 92' lang='lat' dir='ltr'>non</span> <span class='ocrx_word' id='word_1_172' title='bbox 593 2655 832 2733; x_wconf 83' lang='lat' dir='ltr'>perspexerunt</span> <span class='ocrx_word' id='word_1_173' title='bbox 857 2646 964 2711; x_wconf 84' lang='lat' dir='ltr'>critici</span> <span class='ocrx_word' id='word_1_174' title='bbox 989 2646 1046 2733; x_wconf 90' lang='lat' dir='ltr'>qui</span> <span class='ocrx_word' id='word_1_175' title='bbox 1071 2646 1173 2711; x_wconf 90' lang='lat' dir='ltr'>variis</span> <span class='ocrx_word' id='word_1_176' title='bbox 1199 2646 1427 2712; x_wconf 83' lang='lat' dir='ltr'>conaminibus</span> 
     </span>
     <span class='ocr_line' id='line_1_21' title="bbox 279 2728 1429 2833; baseline 0 -22"><span class='ocrx_word' id='word_1_177' title='bbox 279 2747 389 2812; x_wconf 89' lang='lat' dir='ltr'>locum</span> <span class='ocrx_word' id='word_1_178' title='bbox 415 2746 624 2811; x_wconf 87' lang='lat' dir='ltr'>sanissimum</span> <span class='ocrx_word' id='word_1_179' title='bbox 648 2728 812 2813; x_wconf 74' lang='lat' dir='ltr'>vexabunt</span> <span class='ocrx_word' id='word_1_180' title='bbox 841 2756 875 2811; x_wconf 89' lang='lat' dir='ltr'>et</span> <span class='ocrx_word' id='word_1_181' title='bbox 903 2757 1118 2833; x_wconf 87' lang='lat' dir='ltr'>corruperunt</span> <span class='ocrx_word' id='word_1_182' title='bbox 1147 2748 1218 2813; x_wconf 86' lang='lat' dir='ltr'>sive</span> <span class='ocrx_word' id='word_1_183' title='bbox 1247 2752 1337 2811; x_wconf 75' lang='lat' dir='ltr'>‘endo</span> <span class='ocrx_word' id='word_1_184' title='bbox 1362 2755 1429 2811; x_wconf 82' lang='lat' dir='ltr'>iare</span> 
     </span>
    </p>
   </div>
   <div class='ocr_carea' id='block_1_3' title="bbox 219 2847 1530 3447">
    <p class='ocr_par' dir='ltr' id='par_1_3' title="bbox 219 2847 1530 3447">
     <span class='ocr_line' id='line_1_22' title="bbox 219 2847 1426 2935; baseline 0.002 -24"><span class='ocrx_word' id='word_1_185' title='bbox 219 2864 224 2911; x_wconf 77' lang='lat'><em>;</em></span> <span class='ocrx_word' id='word_1_186' title='bbox 279 2854 375 2915; x_wconf 61' lang='lat' dir='ltr'>vind)</span> <span class='ocrx_word' id='word_1_187' title='bbox 392 2849 548 2914; x_wconf 89' lang='lat' dir='ltr'>mutando</span> <span class='ocrx_word' id='word_1_188' title='bbox 557 2898 566 2931; x_wconf 87' lang='lat'><em>‚</em></span> <span class='ocrx_word' id='word_1_189' title='bbox 583 2848 670 2935; x_wconf 90' lang='lat' dir='ltr'>quod</span> <span class='ocrx_word' id='word_1_190' title='bbox 686 2848 790 2913; x_wconf 88' lang='lat' dir='ltr'>voluit</span> <span class='ocrx_word' id='word_1_191' title='bbox 806 2847 963 2933; x_wconf 83' lang='lat' dir='ltr'>Scaliger,</span> <span class='ocrx_word' id='word_1_192' title='bbox 979 2849 1049 2914; x_wconf 90' lang='lat' dir='ltr'>sive</span> <span class='ocrx_word' id='word_1_193' title='bbox 1071 2854 1160 2913; x_wconf 82' lang='lat' dir='ltr'>‘endo</span> <span class='ocrx_word' id='word_1_194' title='bbox 1178 2858 1305 2915; x_wconf 76' lang='lat' dir='ltr'>emtore</span> <span class='ocrx_word' id='word_1_195' title='bbox 1320 2854 1426 2926; x_wconf 74' lang='lat' dir='ltr'>viau&#39;,</span> 
     </span>
     <span class='ocr_line' id='line_1_23' title="bbox 281 2950 1530 3037; baseline -0.001 -21"><span class='ocrx_word' id='word_1_196' title='bbox 281 2972 367 3037; x_wconf 89' lang='lat' dir='ltr'>quae</span> <span class='ocrx_word' id='word_1_197' title='bbox 394 2959 523 3036; x_wconf 87' lang='lat' dir='ltr'>praeter</span> <span class='ocrx_word' id='word_1_198' title='bbox 549 2951 709 3015; x_wconf 88' lang='lat' dir='ltr'>rationem</span> <span class='ocrx_word' id='word_1_199' title='bbox 738 2972 864 3016; x_wconf 86' lang='lat' dir='ltr'>conexa</span> <span class='ocrx_word' id='word_1_200' title='bbox 886 2950 1049 3015; x_wconf 86' lang='lat' dir='ltr'>Salmasio</span> <span class='ocrx_word' id='word_1_201' title='bbox 1077 2960 1255 3036; x_wconf 89' lang='lat' dir='ltr'>praeeunte</span> <span class='ocrx_word' id='word_1_202' title='bbox 1281 2952 1428 3037; x_wconf 87' lang='lat' dir='ltr'>plerique</span> <span class='ocrx_word' id='word_1_203' title='bbox 1526 3002 1530 3006; x_wconf 77' lang='lat'><strong>.</strong></span> 
     </span>
     <span class='ocr_line' id='line_1_24' title="bbox 280 3051 1427 3139; baseline 0.001 -22"><span class='ocrx_word' id='word_1_204' title='bbox 280 3075 357 3117; x_wconf 91' lang='lat' dir='ltr'>cum</span> <span class='ocrx_word' id='word_1_205' title='bbox 372 3051 454 3137; x_wconf 86' lang='lat' dir='ltr'>legis</span> <span class='ocrx_word' id='word_1_206' title='bbox 470 3062 540 3117; x_wconf 88' lang='lat' dir='ltr'>tum</span> <span class='ocrx_word' id='word_1_207' title='bbox 556 3051 656 3117; x_wconf 79' lang='lat' dir='ltr'>Gellii</span> <span class='ocrx_word' id='word_1_208' title='bbox 672 3053 812 3117; x_wconf 90' lang='lat' dir='ltr'>editores</span> <span class='ocrx_word' id='word_1_209' title='bbox 836 3052 1036 3137; x_wconf 82' lang='lat' dir='ltr'>probarunt,</span> <span class='ocrx_word' id='word_1_210' title='bbox 1057 3053 1122 3117; x_wconf 92' lang='lat' dir='ltr'>nisi</span> <span class='ocrx_word' id='word_1_211' title='bbox 1138 3052 1226 3139; x_wconf 91' lang='lat' dir='ltr'>quod</span> <span class='ocrx_word' id='word_1_212' title='bbox 1242 3060 1338 3117; x_wconf 80' lang='lat' dir='ltr'>‘eom’</span> <span class='ocrx_word' id='word_1_213' title='bbox 1353 3075 1427 3139; x_wconf 88' lang='lat' dir='ltr'>pro·</span> 
     </span>
     <span class='ocr_line' id='line_1_25' title="bbox 279 3150 1429 3241; baseline 0.003 -24"><span class='ocrx_word' id='word_1_214' title='bbox 279 3154 356 3241; x_wconf 89' lang='lat' dir='ltr'>pius</span> <span class='ocrx_word' id='word_1_215' title='bbox 373 3154 416 3219; x_wconf 88' lang='lat' dir='ltr'>ad</span> <span class='ocrx_word' id='word_1_216' title='bbox 437 3154 621 3229; x_wconf 83' lang='lat' dir='ltr'>litterarum</span> <span class='ocrx_word' id='word_1_217' title='bbox 643 3150 760 3220; x_wconf 87' lang='lat' dir='ltr'>ductus</span> <span class='ocrx_word' id='word_1_218' title='bbox 782 3154 941 3219; x_wconf 86' lang='lat' dir='ltr'>accedens</span> <span class='ocrx_word' id='word_1_219' title='bbox 962 3154 1118 3219; x_wconf 81' lang='lat' dir='ltr'>Hertzius</span> <span class='ocrx_word' id='word_1_220' title='bbox 1139 3156 1321 3241; x_wconf 89' lang='lat' dir='ltr'>proposuit.</span> <span class='ocrx_word' id='word_1_221' title='bbox 1357 3154 1429 3220; x_wconf 89' lang='lat' dir='ltr'>Nec</span> 
     </span>
     <span class='ocr_line' id='line_1_26' title="bbox 281 3256 1428 3343; baseline 0.001 -22"><span class='ocrx_word' id='word_1_222' title='bbox 281 3257 392 3343; x_wconf 90' lang='lat' dir='ltr'>aptius</span> <span class='ocrx_word' id='word_1_223' title='bbox 408 3260 496 3320; x_wconf 76' lang='lat' dir='ltr'>‘cado</span> <span class='ocrx_word' id='word_1_224' title='bbox 510 3260 554 3321; x_wconf 83' lang='lat' dir='ltr'>eo‘</span> <span class='ocrx_word' id='word_1_225' title='bbox 570 3257 727 3343; x_wconf 87' lang='lat' dir='ltr'>temporis</span> <span class='ocrx_word' id='word_1_226' title='bbox 750 3256 1022 3340; x_wconf 88' lang='lat' dir='ltr'>significationem</span> <span class='ocrx_word' id='word_1_227' title='bbox 1039 3256 1263 3323; x_wconf 83' lang='lat' dir='ltr'>Gothofredus</span> <span class='ocrx_word' id='word_1_228' title='bbox 1284 3256 1428 3343; x_wconf 85' lang='lat' dir='ltr'>explicat</span> 
     </span>
     <span class='ocr_line' id='line_1_27' title="bbox 282 3358 1428 3447; baseline 0.001 -25"><span class='ocrx_word' id='word_1_229' title='bbox 282 3358 449 3425; x_wconf 79' lang='lat' dir='ltr'>‘interea&#39;z</span> <span class='ocrx_word' id='word_1_230' title='bbox 466 3358 566 3423; x_wconf 91' lang='lat' dir='ltr'>immo</span> <span class='ocrx_word' id='word_1_231' title='bbox 582 3359 745 3425; x_wconf 88' lang='lat' dir='ltr'>iudicatus</span> <span class='ocrx_word' id='word_1_232' title='bbox 761 3358 1000 3445; x_wconf 88' lang='lat' dir='ltr'>intellegendus</span> <span class='ocrx_word' id='word_1_233' title='bbox 1016 3370 1077 3426; x_wconf 88' lang='lat' dir='ltr'>est.</span> <span class='ocrx_word' id='word_1_234' title='bbox 1093 3361 1204 3447; x_wconf 88' lang='lat' dir='ltr'>Atque</span> <span class='ocrx_word' id='word_1_235' title='bbox 1220 3364 1308 3425; x_wconf 79' lang='lat' dir='ltr'>‘endo</span> <span class='ocrx_word' id='word_1_236' title='bbox 1322 3379 1357 3424; x_wconf 87' lang='lat' dir='ltr'>eo</span> <span class='ocrx_word' id='word_1_237' title='bbox 1370 3366 1428 3424; x_wconf 82' lang='lat' dir='ltr'>vim</span> 
     </span>
    </p>
   </div>
   <div class='ocr_carea' id='block_1_4' title="bbox 225 3515 1428 4008">
    <p class='ocr_par' dir='ltr' id='par_1_4' title="bbox 225 3515 1428 4008">
     <span class='ocr_line' id='line_1_28' title="bbox 225 3515 1428 3581; baseline -0.002 -14"><span class='ocrx_word' id='word_1_238' title='bbox 225 3553 227 3559; x_wconf 84' lang='lat'>-</span> <span class='ocrx_word' id='word_1_239' title='bbox 281 3522 326 3569; x_wconf 85' lang='lat' dir='ltr'>tus</span> <span class='ocrx_word' id='word_1_240' title='bbox 345 3532 379 3567; x_wconf 86' lang='lat' dir='ltr'>ca</span> <span class='ocrx_word' id='word_1_241' title='bbox 399 3520 441 3567; x_wconf 88' lang='lat' dir='ltr'>est</span> <span class='ocrx_word' id='word_1_242' title='bbox 453 3515 592 3581; x_wconf 89' lang='lat' dir='ltr'>proportio</span> <span class='ocrx_word' id='word_1_243' title='bbox 605 3530 676 3580; x_wconf 87' lang='lat' dir='ltr'>quae</span> <span class='ocrx_word' id='word_1_244' title='bbox 689 3517 761 3565; x_wconf 89' lang='lat' dir='ltr'>inter</span> <span class='ocrx_word' id='word_1_245' title='bbox 774 3519 889 3566; x_wconf 88' lang='lat' dir='ltr'>onustus</span> <span class='ocrx_word' id='word_1_246' title='bbox 902 3520 930 3567; x_wconf 88' lang='lat' dir='ltr'>et</span> <span class='ocrx_word' id='word_1_247' title='bbox 942 3522 1096 3569; x_wconf 87' lang='lat' dir='ltr'>oneratus.’</span> <span class='ocrx_word' id='word_1_248' title='bbox 1123 3517 1247 3568; x_wconf 87' lang='lat' dir='ltr'>Eandem</span> <span class='ocrx_word' id='word_1_249' title='bbox 1260 3517 1428 3568; x_wconf 89' lang='lat' dir='ltr'>sententiam</span> 
     </span>
     <span class='ocr_line' id='line_1_29' title="bbox 282 3601 1427 3670; baseline -0.003 -15"><span class='ocrx_word' id='word_1_250' title='bbox 282 3604 316 3657; x_wconf 87' lang='lat' dir='ltr'>do</span> <span class='ocrx_word' id='word_1_251' title='bbox 334 3607 415 3670; x_wconf 88' lang='lat' dir='ltr'>parte</span> <span class='ocrx_word' id='word_1_252' title='bbox 433 3602 528 3653; x_wconf 89' lang='lat' dir='ltr'>horum</span> <span class='ocrx_word' id='word_1_253' title='bbox 546 3601 690 3651; x_wconf 86' lang='lat' dir='ltr'>verborum</span> <span class='ocrx_word' id='word_1_254' title='bbox 709 3615 797 3666; x_wconf 87' lang='lat' dir='ltr'>nuper</span> <span class='ocrx_word' id='word_1_255' title='bbox 819 3602 960 3665; x_wconf 85' lang='lat' dir='ltr'>professus</span> <span class='ocrx_word' id='word_1_256' title='bbox 985 3608 1028 3653; x_wconf 87' lang='lat' dir='ltr'>est</span> <span class='ocrx_word' id='word_1_257' title='bbox 1046 3603 1078 3654; x_wconf 84' lang='lat' dir='ltr'>G.</span> <span class='ocrx_word' id='word_1_258' title='bbox 1100 3602 1212 3653; x_wconf 87' lang='lat' dir='ltr'>Curtius</span> <span class='ocrx_word' id='word_1_259' title='bbox 1229 3604 1259 3652; x_wconf 91' lang='lat' dir='ltr'>in</span> <span class='ocrx_word' id='word_1_260' title='bbox 1279 3617 1376 3653; x_wconf 90' lang='lat' dir='ltr'>comm.</span> <span class='ocrx_word' id='word_1_261' title='bbox 1393 3602 1427 3652; x_wconf 88' lang='lat' dir='ltr'>de</span> 
     </span>
     <span class='ocr_line' id='line_1_30' title="bbox 281 3686 1427 3755; baseline -0.004 -13"><span class='ocrx_word' id='word_1_262' title='bbox 281 3689 409 3755; x_wconf 81' lang='lat' dir='ltr'>vestigiis</span> <span class='ocrx_word' id='word_1_263' title='bbox 433 3688 573 3754; x_wconf 80' lang='lat' dir='ltr'>coniugat.</span> <span class='ocrx_word' id='word_1_264' title='bbox 596 3686 646 3739; x_wconf 85' lang='lat' dir='ltr'>lat.</span> <span class='ocrx_word' id='word_1_265' title='bbox 667 3688 696 3737; x_wconf 88' lang='lat' dir='ltr'>in</span> <span class='ocrx_word' id='word_1_266' title='bbox 719 3704 734 3738; x_wconf 92' lang='lat' dir='ltr'>o</span> <span class='ocrx_word' id='word_1_267' title='bbox 758 3686 896 3751; x_wconf 82' lang='lat' dir='ltr'>Symbolis</span> <span class='ocrx_word' id='word_1_268' title='bbox 920 3688 1015 3753; x_wconf 89' lang='lat' dir='ltr'>philol.</span> <span class='ocrx_word' id='word_1_269' title='bbox 1036 3690 1176 3739; x_wconf 77' lang='lat' dir='ltr'>Bonnens</span> <span class='ocrx_word' id='word_1_270' title='bbox 1194 3690 1223 3738; x_wconf 92' lang='lat' dir='ltr'>in</span> <span class='ocrx_word' id='word_1_271' title='bbox 1245 3688 1376 3739; x_wconf 89' lang='lat' dir='ltr'>honorem</span> <span class='ocrx_word' id='word_1_272' title='bbox 1393 3690 1427 3737; x_wconf 86' lang='lat' dir='ltr'>F.</span> 
     </span>
     <span class='ocr_line' id='line_1_31' title="bbox 282 3772 1427 3839; baseline -0.002 -16"><span class='ocrx_word' id='word_1_273' title='bbox 282 3772 429 3824; x_wconf 85' lang='lat' dir='ltr'>Ritscbelii</span> <span class='ocrx_word' id='word_1_274' title='bbox 448 3772 508 3824; x_wconf 88' lang='lat' dir='ltr'>coll.</span> <span class='ocrx_word' id='word_1_275' title='bbox 521 3773 643 3825; x_wconf 83' lang='lat' dir='ltr'>insertae</span> <span class='ocrx_word' id='word_1_276' title='bbox 661 3774 675 3823; x_wconf 94' lang='lat' dir='ltr'>I</span> <span class='ocrx_word' id='word_1_277' title='bbox 692 3790 718 3839; x_wconf 85' lang='lat' dir='ltr'>p.</span> <span class='ocrx_word' id='word_1_278' title='bbox 733 3775 783 3825; x_wconf 77' lang='lat'>274</span> <span class='ocrx_word' id='word_1_279' title='bbox 795 3789 835 3839; x_wconf 90' lang='lat' dir='ltr'>sq.</span> <span class='ocrx_word' id='word_1_280' title='bbox 855 3774 1007 3837; x_wconf 78' lang='lat' dir='ltr'>‘funestus‚</span> <span class='ocrx_word' id='word_1_281' title='bbox 1027 3773 1161 3824; x_wconf 87' lang='lat' dir='ltr'>honestus</span> <span class='ocrx_word' id='word_1_282' title='bbox 1178 3773 1427 3839; x_wconf 86' lang='lat' dir='ltr'>habcngewisssr·</span> 
     </span>
     <span class='ocr_line' id='line_1_32' title="bbox 282 3845 1428 3923; baseline 0 -16"><span class='ocrx_word' id='word_1_283' title='bbox 282 3872 393 3909; x_wconf 86' lang='lat' dir='ltr'>massen</span> <span class='ocrx_word' id='word_1_284' title='bbox 416 3857 444 3905; x_wconf 91' lang='lat' dir='ltr'>in</span> <span class='ocrx_word' id='word_1_285' title='bbox 465 3857 577 3909; x_wconf 89' lang='lat' dir='ltr'>Verben</span> <span class='ocrx_word' id='word_1_286' title='bbox 599 3859 651 3909; x_wconf 89' lang='lat' dir='ltr'>wie</span> <span class='ocrx_word' id='word_1_287' title='bbox 681 3858 832 3923; x_wconf 88' lang='lat' dir='ltr'>honorare,</span> <span class='ocrx_word' id='word_1_288' title='bbox 856 3861 1002 3921; x_wconf 88' lang='lat' dir='ltr'>roborare,</span> <span class='ocrx_word' id='word_1_289' title='bbox 1019 3845 1142 3908; x_wconf 86' lang='lat' dir='ltr'>¹onerare</span> <span class='ocrx_word' id='word_1_290' title='bbox 1169 3858 1229 3909; x_wconf 89' lang='lat' dir='ltr'>ihre</span> <span class='ocrx_word' id='word_1_291' title='bbox 1254 3858 1364 3922; x_wconf 82' lang='lat' dir='ltr'>Stiitae,</span> <span class='ocrx_word' id='word_1_292' title='bbox 1394 3873 1428 3907; x_wconf 84' lang='lat' dir='ltr'>zu</span> 
     </span>
     <span class='ocr_line' id='line_1_33' title="bbox 283 3941 1427 4008; baseline 0 -15"><span class='ocrx_word' id='word_1_293' title='bbox 283 3942 371 3995; x_wconf 89' lang='lat' dir='ltr'>denen</span> <span class='ocrx_word' id='word_1_294' title='bbox 387 3943 431 3993; x_wconf 82' lang='lat' dir='ltr'>sie</span> <span class='ocrx_word' id='word_1_295' title='bbox 450 3942 509 3993; x_wconf 85' lang='lat' dir='ltr'>sich</span> <span class='ocrx_word' id='word_1_296' title='bbox 527 3941 638 3993; x_wconf 74' lang='lat' dir='ltr'>ahnlich</span> <span class='ocrx_word' id='word_1_297' title='bbox 656 3942 802 3995; x_wconf 87' lang='lat' dir='ltr'>verbalten</span> <span class='ocrx_word' id='word_1_298' title='bbox 820 3944 871 3995; x_wconf 86' lang='lat' dir='ltr'>wie</span> <span class='ocrx_word' id='word_1_299' title='bbox 890 3944 983 3993; x_wconf 89' lang='lat' dir='ltr'>lautus</span> <span class='ocrx_word' id='word_1_300' title='bbox 1002 3958 1036 3991; x_wconf 83' lang='lat' dir='ltr'>zu</span> <span class='ocrx_word' id='word_1_301' title='bbox 1054 3943 1163 4005; x_wconf 89' lang='lat' dir='ltr'>lavare,</span> <span class='ocrx_word' id='word_1_302' title='bbox 1183 3946 1297 4008; x_wconf 88' lang='lat' dir='ltr'>saeptus</span> <span class='ocrx_word' id='word_1_303' title='bbox 1315 3958 1349 3992; x_wconf 85' lang='lat' dir='ltr'>zu</span> <span class='ocrx_word' id='word_1_304' title='bbox 1367 3956 1427 3993; x_wconf 88' lang='lat' dir='ltr'>sae·</span> 
     </span>
    </p>
   </div>
   <div class='ocr_carea' id='block_1_5' title="bbox 282 4026 1510 4095">
    <p class='ocr_par' dir='ltr' id='par_1_5' title="bbox 282 4026 1510 4095">
     <span class='ocr_line' id='line_1_34' title="bbox 282 4026 1510 4095; baseline 0 -18"><span class='ocrx_word' id='word_1_305' title='bbox 282 4029 351 4093; x_wconf 90' lang='lat' dir='ltr'>pire.</span> <span class='ocrx_word' id='word_1_306' title='bbox 386 4026 613 4093; x_wconf 73' lang='lat' dir='ltr'>Die&#39;Partioipia</span> <span class='ocrx_word' id='word_1_307' title='bbox 630 4028 686 4078; x_wconf 90' lang='lat' dir='ltr'>und</span> <span class='ocrx_word' id='word_1_308' title='bbox 704 4029 934 4095; x_wconf 82' lang='lat' dir='ltr'>participartigen</span> <span class='ocrx_word' id='word_1_309' title='bbox 946 4028 1093 4093; x_wconf 71' lang='lat' dir='ltr'>adjectiva</span> <span class='ocrx_word' id='word_1_310' title='bbox 1111 4028 1201 4093; x_wconf 84' lang='lat' dir='ltr'>gehen</span> <span class='ocrx_word' id='word_1_311' title='bbox 1217 4028 1279 4079; x_wconf 89' lang='lat' dir='ltr'>hier</span> <span class='ocrx_word' id='word_1_312' title='bbox 1298 4027 1348 4078; x_wconf 82' lang='lat' dir='ltr'>auf</span> <span class='ocrx_word' id='word_1_313' title='bbox 1364 4026 1427 4077; x_wconf 88' lang='lat' dir='ltr'>eine</span> <span class='ocrx_word' id='word_1_314' title='bbox 1507 4027 1510 4033; x_wconf 87' lang='lat'>&#39;</span> 
     </span>
    </p>
   </div>
   <div class='ocr_carea' id='block_1_6' title="bbox 282 4111 1436 4763">
    <p class='ocr_par' dir='ltr' id='par_1_6' title="bbox 282 4111 1426 4265">
     <span class='ocr_line' id='line_1_35' title="bbox 282 4111 1426 4179; baseline -0.002 -16"><span class='ocrx_word' id='word_1_315' title='bbox 282 4112 451 4179; x_wconf 87' lang='lat' dir='ltr'>primitivere</span> <span class='ocrx_word' id='word_1_316' title='bbox 471 4111 645 4163; x_wconf 84' lang='lat' dir='ltr'>Stammform</span> <span class='ocrx_word' id='word_1_317' title='bbox 664 4114 782 4174; x_wconf 84' lang='lat' dir='ltr'>zuriick,</span> <span class='ocrx_word' id='word_1_318' title='bbox 807 4112 935 4164; x_wconf 77' lang='lat' dir='ltr'>w&#39;ahrend</span> <span class='ocrx_word' id='word_1_319' title='bbox 958 4113 1007 4163; x_wconf 88' lang='lat' dir='ltr'>der</span> <span class='ocrx_word' id='word_1_320' title='bbox 1024 4111 1244 4165; x_wconf 74' lang='lat' dir='ltr'>Prisensstamm</span> <span class='ocrx_word' id='word_1_321' title='bbox 1267 4113 1297 4161; x_wconf 91' lang='lat' dir='ltr'>in</span> <span class='ocrx_word' id='word_1_322' title='bbox 1315 4112 1360 4162; x_wconf 89' lang='lat' dir='ltr'>die</span> <span class='ocrx_word' id='word_1_323' title='bbox 1379 4112 1426 4162; x_wconf 89' lang='lat' dir='ltr'>ab·</span> 
     </span>
     <span class='ocr_line' id='line_1_36' title="bbox 284 4196 933 4265; baseline 0 -16"><span class='ocrx_word' id='word_1_324' title='bbox 284 4198 416 4263; x_wconf 80' lang='lat' dir='ltr'>geleiteto</span> <span class='ocrx_word' id='word_1_325' title='bbox 436 4196 620 4263; x_wconf 83' lang='lat' dir='ltr'>Oonjugation</span> <span class='ocrx_word' id='word_1_326' title='bbox 638 4199 767 4265; x_wconf 85' lang='lat' dir='ltr'>ausbiegt</span> <span class='ocrx_word' id='word_1_327' title='bbox 784 4213 810 4248; x_wconf 93' lang='grc' dir='ltr'>ιι.</span> <span class='ocrx_word' id='word_1_328' title='bbox 829 4214 852 4249; x_wconf 88' lang='lat' dir='ltr'>s.</span> <span class='ocrx_word' id='word_1_329' title='bbox 870 4199 902 4251; x_wconf 82' lang='lat' dir='ltr'>f.’</span> <span class='ocrx_word' id='word_1_330' title='bbox 928 4244 933 4257; x_wconf 84' lang='grc'><em>,</em></span> 
     </span>
    </p>

    <p class='ocr_par' dir='ltr' id='par_1_7' title="bbox 283 4281 1436 4520">
     <span class='ocr_line' id='line_1_37' title="bbox 350 4281 1436 4349; baseline 0.002 -16"><span class='ocrx_word' id='word_1_331' title='bbox 350 4282 371 4348; x_wconf 85' lang='grc'>1)</span> <span class='ocrx_word' id='word_1_332' title='bbox 390 4284 426 4333; x_wconf 90' lang='lat' dir='ltr'>cf.</span> <span class='ocrx_word' id='word_1_333' title='bbox 446 4282 479 4333; x_wconf 91' lang='lat' dir='ltr'>O.</span> <span class='ocrx_word' id='word_1_334' title='bbox 498 4281 650 4333; x_wconf 86' lang='lat' dir='ltr'>Muellerus</span> <span class='ocrx_word' id='word_1_335' title='bbox 667 4284 696 4333; x_wconf 91' lang='lat' dir='ltr'>in</span> <span class='ocrx_word' id='word_1_336' title='bbox 713 4286 782 4337; x_wconf 87' lang='lat' dir='ltr'>Mus.</span> <span class='ocrx_word' id='word_1_337' title='bbox 801 4284 878 4334; x_wconf 90' lang='lat' dir='ltr'>rhen.</span> <span class='ocrx_word' id='word_1_338' title='bbox 897 4284 948 4333; x_wconf 87' lang='lat' dir='ltr'>iur.</span> <span class='ocrx_word' id='word_1_339' title='bbox 967 4285 991 4335; x_wconf 90' lang='lat' dir='ltr'>V</span> <span class='ocrx_word' id='word_1_340' title='bbox 1011 4286 1060 4334; x_wconf 83' lang='lat'>190</span> <span class='ocrx_word' id='word_1_341' title='bbox 1077 4298 1137 4347; x_wconf 88' lang='lat' dir='ltr'>sqq.</span> <span class='ocrx_word' id='word_1_342' title='bbox 1167 4284 1316 4349; x_wconf 86' lang='lat' dir='ltr'>Perparam</span> <span class='ocrx_word' id='word_1_343' title='bbox 1334 4288 1436 4335; x_wconf 48' lang='lat' dir='ltr'>autem*</span> 
     </span>
     <span class='ocr_line' id='line_1_38' title="bbox 283 4367 1426 4435; baseline 0 -16"><span class='ocrx_word' id='word_1_344' title='bbox 283 4370 365 4420; x_wconf 87' lang='lat' dir='ltr'>istam</span> <span class='ocrx_word' id='word_1_345' title='bbox 387 4370 504 4419; x_wconf 80' lang='lat' dir='ltr'>formam</span> <span class='ocrx_word' id='word_1_346' title='bbox 523 4367 653 4419; x_wconf 83' lang='lat' dir='ltr'>Ciceroni</span> <span class='ocrx_word' id='word_1_347' title='bbox 677 4383 784 4435; x_wconf 91' lang='lat' dir='ltr'>quoque</span> <span class='ocrx_word' id='word_1_348' title='bbox 807 4369 951 4419; x_wconf 88' lang='lat' dir='ltr'>vindicare</span> <span class='ocrx_word' id='word_1_349' title='bbox 975 4373 1090 4419; x_wconf 88' lang='lat' dir='ltr'>conatur</span> <span class='ocrx_word' id='word_1_350' title='bbox 1107 4369 1287 4419; x_wconf 88' lang='lat' dir='ltr'>Heinrichius</span> <span class='ocrx_word' id='word_1_351' title='bbox 1310 4368 1346 4419; x_wconf 86' lang='lat' dir='ltr'>ad</span> <span class='ocrx_word' id='word_1_352' title='bbox 1367 4368 1426 4419; x_wconf 77' lang='lat' dir='ltr'>cio.</span> 
     </span>
     <span class='ocr_line' id='line_1_39' title="bbox 285 4454 563 4520; baseline -0.007 -15"><span class='ocrx_word' id='word_1_353' title='bbox 285 4470 321 4505; x_wconf 90' lang='lat' dir='ltr'>or.</span> <span class='ocrx_word' id='word_1_354' title='bbox 340 4472 365 4520; x_wconf 93' lang='lat' dir='ltr'>p.</span> <span class='ocrx_word' id='word_1_355' title='bbox 385 4454 457 4504; x_wconf 81' lang='lat' dir='ltr'>Tull.</span> <span class='ocrx_word' id='word_1_356' title='bbox 477 4470 503 4519; x_wconf 91' lang='lat' dir='ltr'>p.</span> <span class='ocrx_word' id='word_1_357' title='bbox 522 4455 563 4504; x_wconf 76' lang='lat'>71.</span> 
     </span>
    </p>

    <p class='ocr_par' dir='ltr' id='par_1_8' title="bbox 284 4537 1427 4763">
     <span class='ocr_line' id='line_1_40' title="bbox 348 4537 1427 4605; baseline 0 -16"><span class='ocrx_word' id='word_1_358' title='bbox 348 4537 370 4603; x_wconf 79' lang='lat'>²)</span> <span class='ocrx_word' id='word_1_359' title='bbox 391 4541 486 4605; x_wconf 70' lang='lat' dir='ltr'>‘quipe’</span> <span class='ocrx_word' id='word_1_360' title='bbox 502 4540 601 4602; x_wconf 84' lang='lat' dir='ltr'>forma,</span> <span class='ocrx_word' id='word_1_361' title='bbox 622 4540 655 4590; x_wconf 91' lang='lat' dir='ltr'>de</span> <span class='ocrx_word' id='word_1_362' title='bbox 669 4554 722 4604; x_wconf 90' lang='lat' dir='ltr'>qua</span> <span class='ocrx_word' id='word_1_363' title='bbox 736 4538 889 4590; x_wconf 85' lang='lat' dir='ltr'>derivanda</span> <span class='ocrx_word' id='word_1_364' title='bbox 902 4540 1005 4589; x_wconf 87' lang='lat' dir='ltr'>frustra</span> <span class='ocrx_word' id='word_1_365' title='bbox 1017 4540 1160 4603; x_wconf 87' lang='lat' dir='ltr'>quaeritur</span> <span class='ocrx_word' id='word_1_366' title='bbox 1172 4538 1220 4601; x_wconf 84' lang='lat' dir='ltr'>(cf.</span> <span class='ocrx_word' id='word_1_367' title='bbox 1232 4543 1344 4605; x_wconf 88' lang='lat' dir='ltr'>praeter</span> <span class='ocrx_word' id='word_1_368' title='bbox 1357 4538 1427 4590; x_wconf 85' lang='lat' dir='ltr'>alios</span> 
     </span>
     <span class='ocr_line' id='line_1_41' title="bbox 284 4624 1425 4694; baseline 0.001 -21"><span class='ocrx_word' id='word_1_369' title='bbox 284 4624 397 4675; x_wconf 84' lang='lat' dir='ltr'>Ebelius</span> <span class='ocrx_word' id='word_1_370' title='bbox 411 4625 439 4673; x_wconf 91' lang='lat' dir='ltr'>in</span> <span class='ocrx_word' id='word_1_371' title='bbox 452 4624 544 4674; x_wconf 90' lang='lat' dir='ltr'>Kuhni</span> <span class='ocrx_word' id='word_1_372' title='bbox 556 4624 654 4677; x_wconf 87' lang='lat' dir='ltr'>Annal.</span> <span class='ocrx_word' id='word_1_373' title='bbox 668 4626 705 4675; x_wconf 92' lang='lat' dir='ltr'>Vl</span> <span class='ocrx_word' id='word_1_374' title='bbox 718 4627 767 4675; x_wconf 79' lang='lat'>208</span> <span class='ocrx_word' id='word_1_375' title='bbox 780 4626 832 4694; x_wconf 76' lang='lat' dir='ltr'>sq)</span> <span class='ocrx_word' id='word_1_376' title='bbox 847 4641 880 4674; x_wconf 86' lang='lat' dir='ltr'>ne</span> <span class='ocrx_word' id='word_1_377' title='bbox 892 4641 906 4673; x_wconf 91' lang='lat' dir='ltr'>a</span> <span class='ocrx_word' id='word_1_378' title='bbox 919 4624 1042 4675; x_wconf 88' lang='lat' dir='ltr'>codicum</span> <span class='ocrx_word' id='word_1_379' title='bbox 1055 4625 1163 4692; x_wconf 90' lang='lat' dir='ltr'>quidem</span> <span class='ocrx_word' id='word_1_380' title='bbox 1177 4626 1343 4677; x_wconf 86' lang='lat' dir='ltr'>auctoritate</span> <span class='ocrx_word' id='word_1_381' title='bbox 1355 4625 1425 4675; x_wconf 86' lang='lat' dir='ltr'>benc</span> 
     </span>
     <span class='ocr_line' id='line_1_42' title="bbox 285 4709 458 4763; baseline 0.006 -2"><span class='ocrx_word' id='word_1_382' title='bbox 285 4709 388 4763; x_wconf 84' lang='lat' dir='ltr'>munita</span> <span class='ocrx_word' id='word_1_383' title='bbox 407 4712 458 4762; x_wconf 77' lang='lat' dir='ltr'>est.</span> 
     </span>
    </p>
   </div>
   <div class='ocr_carea' id='block_1_7' title="bbox 0 0 1860 5634">
    <p class='ocr_par' dir='ltr' id='par_1_9' title="bbox 0 0 1860 5634">
     <span class='ocr_line' id='line_1_43' title="bbox 0 0 1860 5634; baseline 0 0"><span class='ocrx_word' id='word_1_384' title='bbox 0 0 1860 5634; x_wconf 95' lang='lat' dir='ltr'> </span> 
     </span>
    </p>
   </div>
  </div>
 </body>
</html>
