3709 5634
431 656 478 704 nc
501 657 553 704 xn
575 657 789 709 msvnauvu
811 661 989 724 1111111111
1012 664 1300 721 cousmrvaums.
1377 659 1436 722 101

255 888 262 899 ,
291 829 363 883 esto.
387 822 417 881 in
433 822 479 879 ius
493 819 600 879 oncino.
625 820 660 878 ni
672 818 835 880 indicatam
847 820 927 894 fucit
943 866 950 878 .
968 866 977 882 .
993 868 1000 883 .
1019 842 1118 885 secum
1133 827 1241 888 ducito.
1264 831 1371 890 vincito
1385 840 1439 891 not

292 940 383 984 11111
398 908 450 983 αιῐι
464 922 661 999 compedibus.
683 923 852 997 quindecim
865 926 966 1001 pondo
980 943 1018 986 ne
1032 929 1146 989 meiere
1166 940 1220 990 out
1237 933 1266 991 si
1285 935 1359 991 volet
1378 937 1437 993 rni-

292 1044 364 1087 nore
379 1027 493 1086 vincito.
516 1026 544 1084 si
557 1026 632 1085 nolet
644 1040 697 1084 sno
711 1026 805 1085 civito.
828 1028 863 1086 ni
874 1044 927 1088 sno
942 1030 1030 1090 vivit.
1045 1074 1052 1088 .
1067 1030 1161 1091 libros
1172 1032 1274 1105 serris
1285 1035 1363 1095 ennio
1373 1036 1437 1095 dies

291 1131 373 1190 doto.
394 1130 423 1188 si
435 1129 509 1189 rotet
515 1130 589 1203 pins
604 1126 697 1187 tator
713 1121 756 1188 al.
1304 1189 1309 1199 ⁸

376 1226 464 1292 Hinc
484 1233 594 1291 autem
615 1224 741 1291 fructus
763 1224 889 1313 aliquid
909 1228 1095 1296 redundare
1110 1232 1243 1297 videtur
1264 1232 1308 1297 ad
1328 1232 1436 1300 locum

291 1326 505 1395 multifariam
520 1336 677 1393 vexatum
688 1327 705 1392 I
718 1327 800 1392 7-9
816 1328 927 1412 (Rhct.
943 1331 987 1395 ad
1001 1330 1146 1397 Herenn.
1162 1333 1199 1398 II
1216 1335 1266 1418 13,
1282 1334 1333 1400 20.
1359 1335 1435 1401 Gel-

290 1432 354 1498 lius
370 1429 474 1496 XVII
488 1429 517 1511 2,
536 1429 589 1517 10)
613 1436 659 1493 ‘ni
665 1441 798 1512 ponant,
821 1436 852 1495 in
873 1438 989 1497 comitio
1003 1445 1057 1497 ont
1069 1440 1101 1498 in
1112 1439 1185 1512 soro
1199 1450 1269 1500 unte
1282 1442 1436 1505 meridiem

289 1554 414 1600 comum
439 1536 588 1597 occinunt
606 1552 673 1597 curn
696 1543 843 1612 perorant
861 1539 948 1599 untho
969 1547 1150 1615 praesentes.
1188 1542 1259 1603 Post
1281 1546 1436 1605 meridiem

287 1642 445 1719 praesenti
456 1642 534 1700 litem
549 1638 690 1699 esitato.
712 1638 763 1699 Sol
777 1656 836 1700 occ.
853 1657 939 1717 supr.
955 1650 1042 1719 temp.
1057 1647 1141 1705 esto.’

376 1742 558 1803 ‘coniciunt’
576 1736 1106 1823 (1111111111)11111111111111111
1126 1741 1219 1809 libri:
1242 1750 1385 1809 ‘cnicito'
1407 1769 1433 1809 s.

290 1845 436 1907 ‘conicito'
453 1838 624 1927 (‘conitito')
640 1839 739 1907 Auct.
756 1841 800 1906 ad
816 1848 958 1909 Herenn.
996 1846 1043 1909 At
1061 1843 1185 1910 nullum
1208 1858 1250 1910 ex
1264 1845 1434 1913 codicibus

290 1943 473 2011 subsidium
492 1944 593 2012 habet
613 1948 775 2011 ‘constitu'
796 1945 884 2034 quod
903 1947 938 2011 in
953 1945 1078 2012 Aldina
1093 1945 1193 2013 Gellii
1217 1947 1358 2034 primum
1377 1948 1434 2015 ob-

288 2048 379 2115 vium
395 2069 470 2113 cum
484 2048 631 2134 priorum
646 2048 835 2115 criticorum
848 2049 1071 2136 compluribus
1084 2048 1278 2115 Huschkius
1295 2051 1436 2139 arripuit

288 2152 322 2218 in
350 2152 378 2217 Ι.
407 2151 449 2217 G.
476 2149 644 2216 Huschkii
668 2150 789 2245 Antml.
817 2151 880 2217 1111.
905 2174 939 2239 p.
966 2152 1037 2218 106.
1075 2152 1163 2235 Quin
1188 2154 1271 2219 miro
1296 2152 1433 2220 consilio

288 2264 461 2341 utrumque
477 2252 617 2339 probare
632 2253 764 2319 videtur
777 2253 1023 2319 Lachmannus:
1046 2277 1124 2320 nam
1138 2254 1234 2322 aliter
1248 2257 1353 2343 accipi
1374 2256 1434 2323 vix

287 2365 443 2445 poterunt
463 2377 547 2443 quae
567 2355 610 2421 ad
625 2355 758 2422 Lucret.
773 2357 904 2423 notavit
918 2381 951 2445 p.
966 2356 1030 2423 349
1043 2357 1170 2423 -‘iudex
1183 2358 1270 2423 enim
1291 2359 1434 2424 conscit

287 2461 319 2525 h.
341 2482 368 2525 1.
390 2458 580 2544 cognoscit
606 2480 774 2542 caussam,
796 2480 871 2525 cum
889 2482 963 2524 eam
983 2468 1093 2547 partes
1113 2460 1327 2526 coniciunt:
1355 2482 1432 2547 qua-

287 2570 420 2648 propter
447 2583 489 2627 ex
513 2558 584 2625 XII
606 2560 727 2627 tabulis
754 2572 787 2627 et
815 2566 983 2627 κ11111111
1008 2569 1167 2629 eonseito’'
1200 2572 1234 2629 11
1261 2563 1434 2629 usitatiore

288 2662 448 2731 vocabulo
464 2669 650 2729 “conicito’'
665 2662 805 2729 relatum
824 2664 982 2750 legimus,
1002 2666 1081 2751 quia
1098 2674 1274 2752 utrumque
1298 2666 1432 2731 coniun·
1540 2672 1544 2677 '

287 2779 375 2835 ctum
390 2771 465 2832 111.’
488 2764 612 2831 Verum
625 2774 800 2853 utrumque
815 2768 843 2831 11
858 2766 938 2854 quid
953 2765 1050 2833 video
1066 2765 1280 2833 reiiciendum
1295 2776 1360 2831 est:
1383 2766 1431 2833 id-

286 2892 348 2957 que
368 2867 512 2933 maxime
532 2866 675 2933 efficitur
693 2868 844 2953 neglecto
869 2869 978 2935 adhuc
996 2868 1130 2935 Afranii
1150 2869 1353 2951 testimonio,
1374 2870 1432 2956 qui

285 2972 371 3039 hanc
385 2970 492 3065 legem
506 2970 653 3057 respexit
667 2970 702 3034 in
715 2970 903 3037 Materteris
919 2996 952 3037 v.
968 2971 1031 3035 216
1046 2971 1086 3035 R.
1105 2980 1268 3036 ‘oensem
1283 2978 1432 3037 coicere

222 3086 225 3092 “
285 3073 1036 3141 1111111111.-111111111111-
1061 3076 1257 3150 Profuturos
1277 3077 1430 3137 arbitror?

284 3178 373 3243 Hinc
387 3176 489 3263 igitur
504 3184 594 3241 certo
614 3174 834 3259 intellegimus
858 3175 898 3241 de
924 3197 1096 3241 caussae
1115 3174 1376 3241 coniectione
1396 3174 1431 3239 in
1491 3193 1493 3197 ·

285 3280 357 3366 lege
373 3299 555 3343 sermonem
571 3299 659 3361 1111,
681 3300 720 3343 ac
739 3277 882 3342 iudicem
903 3299 993 3361 1111,
1015 3277 1064 3342 ad
1085 3299 1183 3365 quem
1203 3298 1322 3342 caussa
1342 3277 1430 3342 coni-

285 3384 406 3466 ciatur3
429 3380 485 3469 qui
506 3380 665 3462 coniciet,
686 3379 894 3465 litigatorem.
933 3380 977 3445 cf.
993 3378 1120 3446 Gellius
1135 3378 1168 3443 V
1185 3379 1241 3461 10,
1258 3379 1278 3444 9
1300 3388 1345 3443 ‘et
1364 3399 1431 3443 cnm

285 3490 328 3551 od
351 3489 466 3550 indices
489 3486 693 3548 coniioiendae
723 3483 942 3567 [consistendoe
963 3481 1229 3567 (conscientiaeque
1249 3480 1431 3545 Lachman-

284 3587 378 3674 nus)]
395 3606 504 3666 consue
515 3591 620 3665 oratic
634 3590 792 3649 venissent.
802 3592 824 3647 .'
846 3585 925 3671 Dig.
937 3585 991 3669 50,
1006 3584 1087 3667 11,1
1104 3586 1175 3648 ‘Per
1187 3590 1326 3662 nepotum
1339 3589 1431 3661 initur

284 3695 493 3756 brevisrerunt
504 3694 642 3751 narratio
653 3690 1431 3765 traditura,ntottSootnnsooosteomaeconiectto

284 3804 335 3873 est,
353 3842 360 3857 .
379 3841 386 3855 .
403 3840 410 3855 .
425 3809 503 3871 quoe
517 3796 606 3855 simoi
618 3810 686 3855 corn
700 3796 732 3854 in
747 3795 846 3868 atiquo
861 3794 964 3853 oitioto
978 3800 1034 3867 est,
1053 3792 1156 3869 perdit
1169 3790 1302 3864 officinm
1321 3792 1429 3850 snum?

285 3894 450 3962 Asconius
464 3915 595 3981 person.
612 3892 655 3958 ad
670 3892 739 3958 Cic.
750 3892 845 3958 Verr.
860 3891 878 3956 I
893 3892 923 3974 9,
938 3890 980 3955 26
995 3915 1027 3980 p.
1042 3890 1103 3955 164
1114 3890 1172 3955 Or.
1195 3889 1299 3955 Gaius
1311 3886 1361 3952 IV
1379 3887 1429 3951 15.

284 3999 400 4085 Itaque
422 3995 555 4063 diversa
575 3995 757 4061 confundat
778 3995 806 4059 si
827 3996 900 4081 quis
921 4016 996 4059 cum
1011 3992 1182 4059 Dirkseno
1204 3989 1342 4076 aliisque
1363 4012 1430 4054 ser·

286 4122 368 4167 vans
385 4104 531 4165 ‘conicito’
548 4098 831 4183 admagistratum
841 4096 882 4161 de
893 4119 958 4183 quo
971 4096 1118 4182 sequitur
1128 4098 1283 4158 ‘edicito'
1295 4091 1428 4157 referat.

221 4278 226 4283 ,
286 4202 340 4267 Ad
355 4200 521 4287 litigantes
538 4210 647 4267 autem
662 4222 735 4265 cum
750 4200 815 4263 iam
830 4196 1054 4265 revocandum
1070 4198 1130 4279 sit,
1143 4196 1199 4284 qui
1214 4193 1347 4281 quidem
1363 4193 1427 4260 duo

287 4302 408 4369 diserte
433 4302 674 4389 significantur,
701 4300 878 4386 singularis
898 4299 1033 4365 tolerari
1053 4298 1178 4385 nequit.
1214 4297 1325 4379 Quare
1345 4319 1429 4362 unus

287 4404 434 4490 Scaliger
459 4404 502 4470 ad
527 4406 617 4470 Fosi.
643 4428 676 4470 v.
701 4402 832 4490 plorare
856 4424 972 4469 verum
997 4407 1166 4466 assecutus
1192 4410 1242 4466 est
1267 4422 1310 4464 ex
1330 4396 1430 4465 Gellii

286 4514 457 4573 ‘coniciunt'
484 4506 631 4573 efficiens
653 4510 859 4570 ‘coniciunto’:
884 4502 1062 4590 nisiquod
1081 4506 1248 4568 ‘coiciunto’
1271 4501 1376 4587 magis
1397 4513 1430 4566 et

286 4608 417 4675 Afranii
437 4609 509 4675 loco
529 4618 562 4674 et
588 4607 785 4695 optimorum
805 4605 901 4671 Rhet.
922 4606 965 4671 ad
985 4606 1066 4671 Her.
1086 4604 1242 4671 librorum
1264 4604 1429 4691 scriptura

287 4718 415 4778 ‘conicito'
431 4710 686 4777 commendatur.
707 4710 761 4775 De
775 4731 841 4795 qua
855 4707 1022 4775 scribendi
1036 4708 1163 4775 ratione
1184 4706 1227 4774 cf.
1243 4705 1425 4773 Corssenus
