3709 5634
404 653 450 716 46
828 667 943 714 canvr
964 667 1129 715 annm

338 860 345 868 -
406 819 591 885 obtundam
604 819 749 901 diutins,
762 819 830 884 iam
849 820 982 884 conficit
1000 843 1070 886 rem
1089 842 1192 884 unum
1206 819 1306 885 Gellii
1325 821 1552 886 testimonium

405 922 570 987 immerito
590 920 777 1006 neglectum
790 921 844 985 XI
860 922 918 1002 18,
933 923 1054 986 9-11:
1076 923 1135 988 nbi
1156 922 1325 988 manifesti
1344 923 1426 987 furti
1444 943 1552 1009 poena

405 1022 537 1108 exlege
550 1033 731 1088 memorata
743 1024 853 1109 pergit
867 1027 929 1086 ‘Ea
943 1044 1058 1102 qaoqroe
1071 1045 1150 1102 qaae
1157 1046 1231 1104 per
1244 1031 1390 1088 lancem
1405 1031 1552 1088 liciam-

405 1147 475 1204 qae
487 1137 674 1206 concepta
686 1137 790 1202 essent,
797 1130 928 1205 prande
938 1145 978 1188 ac
991 1132 1019 1188 si
1030 1129 1194 1201 manifesta
1200 1129 1314 1206 sacal,
1326 1132 1555 1190 vindicaverant

405 1231 469 1313 (sc.
489 1228 616 1313 Xuiri).
638 1265 675 1274 -
696 1231 761 1290 Sed
778 1248 876 1290 aaac
893 1249 915 1289 a
934 1235 1000 1305 leae
1019 1235 1074 1291 iila
1094 1233 1289 1292 decimauit
1311 1234 1475 1293 discessum
1500 1240 1551 1291 est.

404 1334 484 1394 aaa
496 1337 527 1394 si
536 1337 592 1410 qai
601 1351 695 1409 saper
706 1333 868 1405 manifesto
877 1333 965 1404 sario
979 1335 1045 1392 itere
1058 1343 1087 1392 et
1099 1334 1207 1393 adme
1219 1337 1359 1409 experiri
1370 1336 1454 1406 aelii,
1475 1337 1553 1393 actio

405 1439 437 1495 ia
451 1437 655 1512 qaadniplam
669 1437 837 1497 datar...
866 1437 981 1495 Furti
992 1440 1177 1513 concepti,
1198 1439 1282 1496 item
1302 1436 1423 1496 oblati
1442 1439 1554 1512 tripli

402 1555 525 1614 poena
537 1543 616 1598 εει)
652 1533 696 1599 cf.
711 1533 846 1598 Paullus
862 1531 954 1597 Sent.
970 1532 1072 1614 1131,
1090 1534 1140 1598 14.
1176 1533 1289 1598 Redeo
1310 1534 1414 1619 igitur
1427 1535 1464 1598 in
1478 1556 1551 1599 eam

404 1638 603 1701 sententiam
615 1659 701 1724 quae
715 1635 793 1700 ante
806 1634 930 1699 Gaium
944 1637 1115 1701 inventum
1131 1634 1234 1702 valuit
1253 1659 1417 1722 quamque
1437 1641 1553 1702 contra

404 1740 527 1804 Gaium
540 1747 715 1803 servamt
729 1759 805 1800 curn
825 1734 883 1799 alii
901 1745 973 1799 tum
993 1737 1191 1803 Hanboldns
1211 1747 1245 1802 et
1258 1737 1550 1804 Mithlenbrnchius

402 1841 439 1904 in
451 1841 541 1906 notis
555 1840 601 1904 ad
613 1839 787 1904 Heineocii
800 1839 916 1924 Antiq.
929 1859 1012 1903 rom.
1028 1839 1206 1926 iurisprud.
1224 1839 1460 1904 illustrantium
1475 1864 1550 1927 syn-

402 1953 515 2026 tagma
528 1942 580 2007 IV
596 1945 614 2004 l
629 1946 651 2022 ξ
664 1941 708 2004 22
722 1942 770 2026 (p.
785 1940 850 2004 610
863 1939 917 2004 ed.
932 1939 1063 2026 Mill).
1101 1943 1173 2006 Iam
1188 1943 1282 2007 sides
1298 1941 1397 2007 valde
1411 1944 1551 2028 infringi

403 2043 470 2108 Gai
483 2043 599 2108 fidem:
614 2044 673 2129 qni
683 2042 755 2106 XII
765 2040 1050 2106 tabulis'tribnere
1064 2067 1131 2108 non
1145 2045 1271 2108 veritus
1287 2045 1331 2108 sit
1346 2045 1436 2130 quod
1451 2045 1550 2110 serio·

402 2146 450 2208 ris
463 2145 620 2231 temporis
634 2166 697 2207 nso
710 2142 935 2208 introductum
945 2153 1008 2208 est.
1031 2145 1137 2226 Quem
1147 2168 1242 2209 nsum
1255 2145 1413 2210 seriorem
1424 2157 1553 2232 spectat

403 2247 504 2311 etiam
512 2246 659 2311 definitio
668 2246 989 2325 111186‘concepam
998 2250 1116 2322 sariam
1127 2253 1240 2312 dicitur
1249 2269 1316 2311 cam
1326 2254 1414 2327 apud
1423 2257 1551 2328 aliquem

403 2352 558 2412 testibus
573 2353 842 2427 praesentibus
858 2352 975 2423 sariaci
989 2371 1038 2412 res
1052 2357 1229 2427 quaesitae!
1247 2358 1367 2414 mrcata
1380 2361 1442 2414 csi'
1457 2390 1502 2400 —
1515 2363 1552 2416 nt

402 2451 489 2516 bene
507 2450 636 2515 monuit
655 2449 783 2514 Pnchta
802 2451 886 2514 Inst.
907 2449 962 2514 111
982 2473 1013 2535 p.
1037 2451 1099 2514 122
1119 2454 1154 2536 (ξ
1167 2451 1260 2534 lm:
1282 2453 1436 2539 primitus
1463 2455 1552 2518 enim

403 2562 599 2637 conceptum
616 2551 742 2616 lurtum
761 2551 854 2616 aliod
872 2574 939 2616 non
959 2563 1030 2616 erat
1050 2553 1115 2616 nisi
1135 2554 1224 2638 quod
1237 2553 1332 2619 lance
1354 2565 1387 2620 et
1407 2554 1488 2620 licio
1509 2579 1552 2620 ex

403 2652 478 2738 lege
490 2655 729 2740 conciperetur.

487 2757 581 2821 Inter
593 2767 697 2822 testes
711 2768 883 2844 suspectos
899 2757 999 2820 etiam
1013 2768 1209 2844 personatus
1232 2757 1401 2824 Porcius
1420 2760 1551 2826 Latro

401 2858 573 2924 habendus
587 2859 736 2924 videtur:
757 2861 815 2946 qui
835 2859 926 2946 qnod
943 2860 978 2922 in
998 2859 1235 2925 declamatione
1253 2863 1289 2923 in
1310 2861 1489 2928 Catilinam
1513 2864 1553 2928 19

401 2961 528 3048 profert
548 2968 690 3041 ‘maana
709 2966 782 3024 XII
798 2966 907 3025 tabuiis
924 2973 1045 3025 cateiam
1064 2983 1127 3026 csse
1149 2970 1351 3039 macarias
1373 2986 1413 3026 ac
1432 2973 1502 3043 qais
1520 2973 1550 3029 ia

402 3069 477 3128 arlia
488 3077 588 3128 conas
600 3077 760 3128 uocaaaos
773 3070 921 3140 acitarei'
938 3064 1039 3148 (VIII
1053 3064 1109 3146 27)
1116 3113 1126 3146 ‚
1144 3063 1185 3128 de
1200 3087 1239 3130 eo
1254 3087 1320 3129 non
1334 3067 1441 3150 magis
1456 3067 1551 3155 quid-

402 3188 504 3252 quam
517 3166 651 3230 aliunde
663 3176 868 3252 compertum
882 3176 932 3230 est
946 3188 1045 3251 quam
1059 3165 1101 3230 de
1116 3166 1260 3232 Gabinia
1274 3167 1346 3252 lege
1366 3191 1432 3254 qua
1454 3169 1552 3234 addit

401 3266 645 3354 promulgatum
665 3290 740 3331 esse
760 3275 833 3346 ‘qaia'
849 3276 988 3331 coitiones
1007 3275 1086 3332 alias
1105 3275 1310 3333 clandestinas
1328 3277 1358 3333 ia
1378 3276 1454 3335 mle
1473 3293 1550 3336 coa-

398 3376 544 3446 slumksei,
559 3390 642 3432 mae
655 3376 804 3432 maiorum
818 3377 946 3448 capitali
957 3378 1105 3449 supplicio
1118 3378 1330 3435 mallareiar':
1341 3373 1398 3436 cui
1413 3374 1550 3460 quidem

402 3469 470 3554 legi
483 3491 505 3533 a
517 3470 757 3535 recentionlius
772 3469 896 3555 aliquot
911 3471 1002 3536 lctis
1024 3471 1123 3536 fidem
1144 3472 1295 3558 derogari
1310 3473 1420 3538 video.
1431 3477 1456 3556 ¹)
1486 3477 1549 3540 Pa-

401 3595 476 3637 rum
490 3583 602 3638 autem
620 3571 704 3635 illud
723 3573 873 3637 firmatur
887 3573 1026 3637 Scholiis
1042 3575 1211 3639 Iuvenalis
1231 3577 1274 3640 ad
1290 3588 1352 3642 sat.
1367 3578 1406 3658 2,
1421 3579 1443 3642 3
1459 3588 1550 3642 ‘nam

401 3695 495 3740 sacra
508 3679 721 3739 Bacchanalia
740 3697 781 3739 ea
794 3683 821 3738 is
836 3676 887 3759 (iis
900 3675 1061 3761 Sangall.)
1076 3682 1369 3759 condemnantem,
1388 3701 1456 3744 meai
1470 3703 1549 3762 pro-

400 3781 501 3840 baim
514 3789 590 3842 esset
601 3785 753 3842 senatui
763 3783 982 3842 honestissimas
992 3782 1125 3854 [minas
1139 3783 1183 3840 ad
1194 3784 1338 3846 &malac
1348 3787 1433 3847 Deae
1446 3791 1549 3848 lactem

397 3883 492 3956 foede
503 3886 676 3943 adulterari
678 3887 709 3953 ',·
722 3881 782 3946 ubi
795 3903 856 3967 pro
872 3889 931 3943 ‘cu
944 3886 987 3942 is'
1002 3903 1068 3944 non
1082 3902 1157 3943 cum
1171 3882 1307 3948 Cuiaeio
1325 3908 1423 3970 quem
1439 3889 1548 3974 sequi·

400 3992 457 4046 tur
468 3982 658 4046 Dirksenus
672 4005 706 4068 p.
721 3983 784 4047 746
799 3990 833 4045 ‘c
844 3987 932 4044 XII’
948 3983 1005 4045 sed
1021 3986 1077 4046 ‘ea
1091 3988 1153 4045 SC'
1170 4006 1245 4050 oum
1259 3985 1297 4050 P.
1313 3986 1453 4053 Pithoeo
1468 3991 1548 4054 scri-

400 4082 546 4148 bendum
559 4106 633 4149 esse
647 4086 829 4150 sententiae
842 4106 947 4150 nexus
967 4085 1155 4170 persuadet.
1192 4087 1264 4150 Iam
1283 4089 1372 4153 unde
1392 4113 1453 4156 sua
1467 4092 1547 4156 hau·

411 4254 598 4268 ———-

400 4370 523 4426 ἐλπίζειν
540 4375 677 4440 εὑρήιειν,
694 4375 774 4431 οὕτω
791 4376 895 4444 φωρᾶν
912 4374 974 4429 κτλ.
997 4373 1073 4430 Idem
1090 4377 1120 4430 in
1138 4377 1251 4448 antiquo
1268 4377 1468 4438 Germanorum
1486 4371 1548 4440 iure

401 4477 561 4524 comparere
578 4466 683 4514 monuit
700 4466 759 4515 Iac.
772 4465 920 4514 Grimmins
931 4465 960 4514 in
971 4465 1072 4513 Annal.
1089 4466 1141 4518 ior.
1154 4468 1253 4518 scient.
1266 4469 1363 4524 histor.
1375 4473 1403 4522 ΙΙ
1415 4491 1441 4539 p.
1455 4478 1487 4525 91
1503 4491 1546 4539 sq,

400 4551 430 4594 et
446 4547 540 4610 Antiq.
557 4549 610 4596 iar.
629 4548 721 4598 Germ.
740 4568 766 4615 p.
784 4552 835 4600 sto
851 4565 912 4614 sqq.

467 4630 488 4693 ¹)
507 4632 701 4683 cl.1)icckius
721 4638 751 4685 in
773 4638 845 4686 libro
862 4633 1066 4685 ‘llistorischer
1083 4636 1206 4688 Versuch
1230 4644 1258 4690 ir.
1281 4643 1307 4694 d.
1328 4643 1546 4698 criminali-aoht

399 4719 451 4770 der
465 4721 581 4770 Rimer’
598 4735 626 4786 p.
645 4723 679 4771 73
695 4738 736 4786 sq.
770 4724 886 4771 Reinius
902 4725 951 4772 lus
969 4723 1044 4770 crim.
1064 4722 1141 4772 Rom.
1159 4741 1187 4790 p.
1205 4725 1264 4780 tis.
