3709 5634
459 653 506 700 nn
528 653 580 701 x11
602 653 815 702 rnnvnsavu
838 654 1016 716 asnrevus
1040 653 1285 705 conmonunrs.
1401 639 1443 705 43

297 815 418 874 lancem
432 812 557 872 babens:
572 815 625 887 qui
636 814 665 872 sr'
677 813 1238 886 6616616666,1616116166166166
1252 813 1444 887 menifestum

297 920 383 976 esse!
415 911 507 975 Haec
522 919 634 998 aperte
654 908 763 974 hiulca
778 921 865 976 sunt.
902 911 970 992 Qui
991 912 1078 976 enim
1093 911 1173 977 furti
1189 912 1353 997 concepti,
1376 911 1398 977 i.
1414 935 1442 978 6.

298 1013 441 1100 quaesiti
456 1021 489 1076 et
509 1012 634 1078 inventi
651 1012 706 1096 (cf.
724 1015 744 1094 ξ
761 1013 831 1078 186.
853 1012 975 1077 Paulus
992 1012 1081 1078 Seni.
1098 1013 1134 1078 ΙΙ
1147 1014 1199 1095 31,
1215 1014 1247 1096 3,
1262 1013 1331 1100 5)¹)
1354 1012 1444 1099 tripli

297 1139 407 1203 poena
422 1115 525 1179 fuisse
539 1122 662 1201 potest,
678 1136 752 1180 cum
768 1115 881 1180 eadem
897 1116 1009 1180 statim
1024 1115 1153 1179 dicetur
1174 1137 1235 1201 par
1250 1115 1353 1180 fuisse
1368 1135 1442 1201 poe-

298 1241 360 1282 nae
386 1216 557 1282 manifesti
581 1216 685 1282 furti?
713 1216 928 1281 Manifestum
949 1226 1059 1281 autem
1084 1216 1207 1282 furtum
1229 1215 1283 1295 vel
1309 1215 1444 1302 capitali

265 1321 271 1340 '
299 1320 462 1406 supplicio
478 1316 532 1384 vel
547 1318 731 1384 addictione
751 1318 954 1384 vindicatum
970 1341 1042 1384 esse
1063 1327 1162 1384 antea
1183 1319 1314 1384 dixerat
1335 1321 1354 1399 ξ
1372 1317 1443 1382 189.

299 1423 340 1488 61.
359 1420 489 1488 Gellius
505 1420 559 1484 XI
577 1421 627 1502 18,
644 1421 662 1484 7
679 1442 727 1506 sq.
759 1420 851 1502 Quae
867 1421 1041 1486 conciliare
1056 1422 1119 1488 viri
1135 1421 1223 1486 docti
1239 1421 1347 1487 conati
1366 1428 1444 1485 sunt

297 1524 359 1606 ita,
381 1533 420 1588 ut
441 1522 506 1588 duo
526 1521 607 1607 legis
628 1532 805 1610 praecepta
825 1523 912 1610 apud
929 1523 1051 1588 Gaium
1072 1525 1310 1589 discernerent:
1332 1543 1443 1608 quam·

297 1649 397 1713 quam
426 1625 467 1690 de
483 1625 565 1710 ‚ipso
586 1623 772 1690 discrimine
797 1647 914 1712 parum
935 1627 1187 1691 eonsentientes.
1233 1623 1444 1711 Schweppius

299 1730 387 1792 enim
405 1728 507 1810 (Hist.
523 1727 585 1791 iur.
601 1726 694 1792 Rom.
712 1732 732 1810 ξ
747 1728 810 1793 328
825 1751 857 1814 p.
873 1727 951 1813 490)
967 1727 1087 1814 aliique
1103 1749 1177 1792 eum
1193 1727 1333 1793 modum
1349 1747 1445 1812 quac-

297 1830 393 1894 rcndi
409 1851 484 1894 eum
499 1827 592 1893 lance
608 1838 640 1893 61
655 1827 730 1893 11616
744 1830 780 1892 111
794 1839 933 1916 utroque
949 1829 1088 1896 eundem
1104 1827 1234 1914 exlege
1256 1828 1362 1892 fuisse
1378 1837 1444 1893 616-

299 1942 412 2012 1116111,
434 1941 504 1996 tum
525 1929 628 1997 altero
650 1942 825 2018 praecepto
845 1954 985 2018 poenam
1004 1931 1172 1996 manifesti
1191 1930 1273 1996 furti
1294 1966 1337 1978 —
1357 1935 1445 2017 ‘qua-

299 2032 421 2121 drupli'
436 2053 577 2119 poenam
592 2033 712 2099 vitiose
729 2043 761 2098 et
775 2032 987 2120 Schweppius
1009 2032 1158 2100 obtrudit
1179 2041 1213 2098 et
1226 2031 1382 2097 Ludenus
1403 2031 1445 2097 de

298 2136 379 2202 furti
393 2135 530 2201 notione
551 2158 584 2222 p.
602 2136 641 2200 18
662 2174 702 2183 -
725 2137 754 2200 si
774 2157 826 2200 res
848 2135 937 2223 apud
959 2136 1067 2222 ipsum
1088 2134 1210 2216 furem,
1232 2136 1335 2200 altero
1350 2131 1446 2221 tripli

296 2261 455 2326 poenam,
478 2238 507 2300 si
527 2236 615 2323 apud
637 2260 722 2320 eum,
744 2239 797 2302 cui
816 2260 837 2302 a
857 2239 931 2302 fure
953 2236 1065 2303 oblata
1086 2237 1201 2319 fuerit,
1219 2245 1376 2323 concepta
1391 2237 1444 2318 sit,

298 2341 417 2406 sanciri
439 2340 641 2405 existimant.
672 2340 769 2422 Quod
784 2349 837 2405 sat
850 2340 933 2404 mire
947 2340 1118 2406 inventum
1139 2348 1266 2404 tantum
1282 2339 1392 2422 abest,
1408 2348 1446 2404 ut

297 2442 349 2509 vel
370 2466 415 2508 ex
431 2442 496 2508 Gai
516 2442 627 2507 verbis
650 2442 832 2508 subsidium
855 2442 920 2508 sibi
940 2443 1109 2530 paraverit
1129 2440 1182 2508 vel
1204 2451 1241 2507 ut
1257 2441 1341 2507 Gaio
1362 2441 1445 2507 bene

297 2545 516 2624 consuluerit,
533 2553 570 2608 ut
584 2543 693 2631 potius
709 2544 817 2630 ipsum
832 2543 955 2609 Gaium
969 2543 1202 2629 gravissimum
1218 2542 1445 2610 adversarium

297 2647 436 2713 hebeat:
468 2647 561 2711 cuius
591 2656 625 2710 61
655 2646 888 2711 sententiarum
916 2647 1002 2711 ratio
1030 2654 1127 2732 etque
1153 2667 1257 2710 nexus
1283 2654 1317 2710 et
1342 2645 1446 2712 verba

298 2755 491 2828 ‘concepti
508 2762 542 2812 61
562 2753 681 2815 oblati
694 2768 794 2828 poena
808 2769 850 2812 ex
865 2755 929 2827 leae
944 2751 1016 2812 XII
1026 2753 1195 2812 tabularum
1210 2753 1294 2827 tripli
1307 2754 1367 2812 est'
1385 2746 1443 2831 (cf.

298 2857 317 2935 ξ
340 2852 401 2917 186
426 2850 492 2938 sq.)
514 2859 547 2916 et
566 2851 710 2915 maxime
730 2855 750 2933 ξ
774 2850 834 2915 193
855 2855 955 2930 ‘qood
976 2857 1029 2914 116
1048 2856 1224 2928 quaesite
1250 2872 1299 2914 res
1324 2855 1445 2914 invente

298 2961 405 3018 maiori
418 2973 534 3034 poenae
547 2957 733 3017 subiicietur’
749 2954 817 3018 vim
832 2953 897 3018 sibi
911 2951 983 3016 fieri
998 2960 1122 3018 vetant.
1159 2952 1276 3039 Itaque
1297 2951 1444 3038 plerique

297 3057 426 3121 ineam
448 3056 646 3121 sententiam
667 3065 835 3121 cesserunt
856 3077 954 3142 quam
968 3055 1092 3140 primus
1109 3054 1197 3140 quod
1218 3055 1318 3119 sciam
1336 3055 1444 3118 Lude·

298 3182 356 3223 nus
378 3160 424 3224 de
449 3157 531 3222 furti
553 3159 687 3224 notione
714 3157 894 3222 secundum
917 3158 969 3220 ius
989 3179 1071 3221 rom.
1095 3154 1208 3241 (lenae
1231 3157 1325 3243 1831)
1348 3179 1380 3242 p.
1405 3157 1444 3220 18

300 3260 539 3346 pronuntiavit,
556 3261 780 3346 copiosissime
795 3259 938 3341 omnium
954 3258 1134 3325 illustravit
1149 3259 1386 3342 Vengerowius
1404 3257 1444 3323 de

299 3363 386 3429 furto
398 3371 557 3448 concepto
570 3385 611 3426 ex
622 3361 773 3448 legeXII
784 3361 973 3427 tabularum
981 3360 1149 3446 (Heidelb.
1162 3360 1256 3441 1845)
1269 3383 1300 3447 p.
1311 3361 1441 3446 18sqq.:

299 3475 334 3530 ut
351 3463 535 3550 simplicem
554 3464 639 3529 inter
660 3474 692 3529 61
714 3464 904 3529 sollemnem
921 3463 1001 3528 furti
1023 3463 1246 3550 quaestionem
1266 3462 1444 3547 distingue-

300 3577 387 3650 rent3
402 3587 543 3652 quarum
558 3568 697 3631 alteram
712 3565 880 3650 vulgarem
896 3589 980 3649 esse,
997 3565 1135 3631 alteram
1152 3565 1238 3651 (cum
1253 3564 1345 3630 lance
1361 3575 1394 3630 61
1408 3563 1443 3627 li-

302 3667 364 3753 cio)
379 3691 447 3734 non
462 3668 590 3732 institui
605 3668 670 3732 nisi
685 3667 843 3734 adversus
865 3691 939 3732 eum
955 3669 1027 3754 qui,
1050 3667 1228 3753 simplicior
1248 3666 1306 3731 ille
1321 3667 1444 3752 quomi-

279 3793 359 3834 nus
374 3781 598 3857 perageretur,
619 3770 896 3856 prohibuerit:
918 3769 1006 3834 unde
1029 3768 1116 3832 611161
1124 3817 1133 3850 ,
1154 3779 1192 3833 ut
1212 3769 1313 3850 hanc,
1329 3777 1444 3855 utpote

302 3893 382 3957 quae
408 3883 442 3937 et
463 3861 631 3959 quaerenti
646 3870 891 3953 molestissima
916 3871 959 3936 sit
986 3881 1018 3935 et
1038 3871 1194 3934 maiorem
1215 3852 1334 3956 prodat
1360 3869 1443 3934 furis

301 3972 449 4039 fraudem
476 3983 574 4059 atque
595 3973 893 4060 importunitatem,
914 3971 1083 4037 manifesti
1102 3971 1183 4036 furti
1210 3993 1331 4056 poena,
1352 3968 1444 4034 illam

304 4073 406 4142 levior
423 4075 511 4161 tripli
526 4063 694 4162 sequatur.
717 4075 896 4161 Utramque
912 4074 1014 4158 igitur
1029 4072 1135 4158 legem
1154 4075 1189 4138 in
1204 4073 1291 4137 hune
1311 4071 1444 4136 modum

368 4366 389 4432 ⁵)
408 4368 480 4418 Mira
499 4373 527 4419 et
544 4368 652 4419 ratione
671 4372 700 4419 et
717 4368 904 4418 inconstantia
922 4366 1083 4418 Huschkius
1102 4365 1136 4416 de
1161 4368 1239 4431 tigne
1257 4365 1351 4414 iuncto
1370 4379 1397 4429 p.
1412 4365 1442 4413 11

304 4454 479 4519 ‘concipere’
498 4454 603 4520 repetit
621 4469 638 4503 6
655 4469 685 4503 16
704 4469 774 4503 cum
794 4454 859 4503 aliis
878 4452 1031 4518 capienda,
1055 4452 1120 4515 quia
1139 4451 1272 4502 ‘testibus
1291 4450 1468 4514 praesenti-¹

304 4536 363 4587 bus'
382 4539 490 4605 eapitur
508 4538 582 4602 (Gai.
595 4539 610 4600 ὃ
624 4538 699 4603 186)1
717 4539 908 4603 6121611611
927 4537 1073 4600 concipere
1091 4535 1159 4585 nibil
1178 4535 1255 4585 aliud
1272 4535 1341 4586 dicit
1358 4534 1444 4598 signi·

305 4618 385 4673 ficare
402 4625 459 4674 nisi
477 4625 550 4689 ‘ipso
568 4623 645 4673 iacto
668 4623 825 4689 reperiendi
848 4623 939 4674 animo
965 4622 1109 4688 concipere
1134 4625 1162 4672 61
1184 4619 1346 4688 persuaderi
1369 4619 1441 4672 hanc

307 4719 437 4759 6611116111
455 4724 516 4761 esse
535 4703 617 4775 quam
635 4709 709 4760 furto
726 4707 901 4775 perdideris)
