<?xml version="1.0" encoding="UTF-8"?>
<!DOCTYPE html PUBLIC "-//W3C//DTD XHTML 1.0 Transitional//EN"
    "http://www.w3.org/TR/xhtml1/DTD/xhtml1-transitional.dtd">
<html xmlns="http://www.w3.org/1999/xhtml" xml:lang="en" lang="en">
 <head>
  <title>
</title>
<meta http-equiv="Content-Type" content="text/html;charset=utf-8" />
  <meta name='ocr-system' content='tesseract 3.04.00' />
  <meta name='ocr-capabilities' content='ocr_page ocr_carea ocr_par ocr_line ocrx_word'/>
</head>
<body>
  <div class='ocr_page' id='page_1' title='image "./legisdvodecimta00schgoog_0078.png"; bbox 0 0 3709 5634; ppageno 0'>
   <div class='ocr_carea' id='block_1_1' title="bbox 441 622 1401 703">
    <p class='ocr_par' dir='ltr' id='par_1_1' title="bbox 441 622 1401 703">
     <span class='ocr_line' id='line_1_1' title="bbox 441 622 1401 703; baseline -0.006 -4"><span class='ocrx_word' id='word_1_1' title='bbox 441 636 483 703; x_wconf 87' lang='grc'><strong>60</strong></span> <span class='ocrx_word' id='word_1_2' title='bbox 864 648 976 697; x_wconf 77' lang='lat' dir='ltr'><strong>csrvr</strong></span> <span class='ocrx_word' id='word_1_3' title='bbox 999 648 1165 697; x_wconf 80' lang='lat' dir='ltr'><strong>rssrrvn.</strong></span> <span class='ocrx_word' id='word_1_4' title='bbox 1272 669 1279 678; x_wconf 87' lang='lat'><em>·</em></span> <span class='ocrx_word' id='word_1_5' title='bbox 1397 622 1401 631; x_wconf 86' lang='lat'>&#39;</span> 
     </span>
    </p>
   </div>
   <div class='ocr_carea' id='block_1_2' title="bbox 442 799 1590 2123">
    <p class='ocr_par' dir='ltr' id='par_1_2' title="bbox 442 799 1590 2123">
     <span class='ocr_line' id='line_1_2' title="bbox 442 799 1586 892; baseline -0.004 -21"><span class='ocrx_word' id='word_1_6' title='bbox 442 806 493 871; x_wconf 87' lang='lat' dir='ltr'><strong>nis</strong></span> <span class='ocrx_word' id='word_1_7' title='bbox 510 804 580 871; x_wconf 90' lang='lat' dir='ltr'><strong>loco</strong></span> <span class='ocrx_word' id='word_1_8' title='bbox 596 826 643 869; x_wconf 91' lang='lat' dir='ltr'><strong>or.</strong></span> <span class='ocrx_word' id='word_1_9' title='bbox 659 828 691 892; x_wconf 88' lang='lat' dir='ltr'><strong>p.</strong></span> <span class='ocrx_word' id='word_1_10' title='bbox 709 804 852 869; x_wconf 82' lang='lat' dir='ltr'><strong>Oseoinn</strong></span> <span class='ocrx_word' id='word_1_11' title='bbox 870 803 920 885; x_wconf 71' lang='lat'><strong>19,</strong></span> <span class='ocrx_word' id='word_1_12' title='bbox 935 802 979 868; x_wconf 88' lang='grc'><strong>54</strong></span> <span class='ocrx_word' id='word_1_13' title='bbox 994 807 1034 870; x_wconf 76' lang='lat' dir='ltr'><strong>‘ri</strong></span> <span class='ocrx_word' id='word_1_14' title='bbox 1047 809 1094 867; x_wconf 86' lang='lat' dir='ltr'><strong>viu</strong></span> <span class='ocrx_word' id='word_1_15' title='bbox 1108 809 1147 867; x_wconf 84' lang='lat' dir='ltr'><strong>sit</strong></span> <span class='ocrx_word' id='word_1_16' title='bbox 1159 808 1328 873; x_wconf 81' lang='lat' dir='ltr'><strong>immunito,</strong></span> <span class='ocrx_word' id='word_1_17' title='bbox 1349 806 1427 865; x_wconf 83' lang='lat' dir='ltr'><strong>iubet</strong></span> <span class='ocrx_word' id='word_1_18' title='bbox 1440 802 1502 887; x_wconf 88' lang='lat' dir='ltr'><strong>(sc.</strong></span> <span class='ocrx_word' id='word_1_19' title='bbox 1518 799 1586 888; x_wconf 81' lang='lat' dir='ltr'><strong>lex)</strong></span> 
     </span>
     <span class='ocr_line' id='line_1_3' title="bbox 443 903 1587 992; baseline -0.003 -19"><span class='ocrx_word' id='word_1_20' title='bbox 443 928 504 988; x_wconf 83' lang='lat' dir='ltr'><strong>qun</strong></span> <span class='ocrx_word' id='word_1_21' title='bbox 519 913 587 973; x_wconf 87' lang='lat' dir='ltr'><strong>uelit</strong></span> <span class='ocrx_word' id='word_1_22' title='bbox 601 927 693 987; x_wconf 79' lang='lat' dir='ltr'><strong>apere</strong></span> <span class='ocrx_word' id='word_1_23' title='bbox 708 911 878 972; x_wconf 83' lang='lat' dir='ltr'><strong>iumentum&#39;</strong></span> <span class='ocrx_word' id='word_1_24' title='bbox 896 905 978 992; x_wconf 84' lang='lat' dir='ltr'><strong>(VII</strong></span> <span class='ocrx_word' id='word_1_25' title='bbox 994 903 1039 989; x_wconf 78' lang='lat'><strong>7).</strong></span> <span class='ocrx_word' id='word_1_26' title='bbox 1054 944 1096 953; x_wconf 95' lang='lat'><strong>—</strong></span> <span class='ocrx_word' id='word_1_27' title='bbox 1111 905 1260 971; x_wconf 82' lang='lat' dir='ltr'>Eandem</span> <span class='ocrx_word' id='word_1_28' title='bbox 1273 904 1375 989; x_wconf 86' lang='lat' dir='ltr'><strong>igitur</strong></span> <span class='ocrx_word' id='word_1_29' title='bbox 1389 903 1587 969; x_wconf 76' lang='lat' dir='ltr'><strong>sententiam</strong></span> 
     </span>
     <span class='ocr_line' id='line_1_4' title="bbox 442 1004 1587 1093; baseline -0.001 -19"><span class='ocrx_word' id='word_1_30' title='bbox 442 1009 639 1075; x_wconf 80' lang='lat' dir='ltr'><strong>recentiores</strong></span> <span class='ocrx_word' id='word_1_31' title='bbox 663 1008 768 1075; x_wconf 91' lang='lat' dir='ltr'><strong>critici</strong></span> <span class='ocrx_word' id='word_1_32' title='bbox 790 1031 832 1077; x_wconf 87' lang='lat' dir='ltr'><strong>ex</strong></span> <span class='ocrx_word' id='word_1_33' title='bbox 852 1008 1015 1093; x_wconf 83' lang='lat' dir='ltr'><strong>corruptis</strong></span> <span class='ocrx_word' id='word_1_34' title='bbox 1036 1008 1128 1075; x_wconf 80' lang='lat' dir='ltr'><strong>Festi</strong></span> <span class='ocrx_word' id='word_1_35' title='bbox 1147 1007 1259 1073; x_wconf 86' lang='lat' dir='ltr'><strong>verbis</strong></span> <span class='ocrx_word' id='word_1_36' title='bbox 1276 1004 1333 1071; x_wconf 81' lang='lat' dir='ltr'><strong>clii</strong></span> <span class='ocrx_word' id='word_1_37' title='bbox 1353 1004 1449 1072; x_wconf 84' lang='lat' dir='ltr'><strong>aliter</strong></span> <span class='ocrx_word' id='word_1_38' title='bbox 1470 1004 1587 1073; x_wconf 76' lang='lat' dir='ltr'><strong>elicere</strong></span> 
     </span>
     <span class='ocr_line' id='line_1_5' title="bbox 443 1109 1589 1198; baseline -0.004 -21"><span class='ocrx_word' id='word_1_39' title='bbox 443 1112 550 1179; x_wconf 86' lang='lat' dir='ltr'><strong>conati</strong></span> <span class='ocrx_word' id='word_1_40' title='bbox 566 1120 657 1194; x_wconf 86' lang='lat' dir='ltr'><strong>sunt,</strong></span> <span class='ocrx_word' id='word_1_41' title='bbox 674 1122 806 1198; x_wconf 79' lang='lat' dir='ltr'><strong>arrepta</strong></span> <span class='ocrx_word' id='word_1_42' title='bbox 826 1133 899 1177; x_wconf 90' lang='lat' dir='ltr'><strong>cum</strong></span> <span class='ocrx_word' id='word_1_43' title='bbox 914 1109 1052 1177; x_wconf 87' lang='lat' dir='ltr'><strong>Pithoeo</strong></span> <span class='ocrx_word' id='word_1_44' title='bbox 1067 1110 1164 1175; x_wconf 85' lang='lat' dir='ltr'><strong>Pauli</strong></span> <span class='ocrx_word' id='word_1_45' title='bbox 1178 1109 1290 1195; x_wconf 83' lang='lat' dir='ltr'><strong>glossa</strong></span> <span class='ocrx_word' id='word_1_46' title='bbox 1304 1109 1392 1195; x_wconf 67' lang='lat' dir='ltr'><strong>pet</strong></span> <span class='ocrx_word' id='word_1_47' title='bbox 1409 1114 1589 1187; x_wconf 78' lang='lat' dir='ltr'><strong>‘Anuepetes</strong></span> 
     </span>
     <span class='ocr_line' id='line_1_6' title="bbox 443 1210 1588 1298; baseline -0.002 -19"><span class='ocrx_word' id='word_1_48' title='bbox 443 1220 585 1280; x_wconf 77' lang='lat' dir='ltr'><strong>dicuntur</strong></span> <span class='ocrx_word' id='word_1_49' title='bbox 598 1234 723 1294; x_wconf 78' lang='lat' dir='ltr'><strong>quorum</strong></span> <span class='ocrx_word' id='word_1_50' title='bbox 739 1235 814 1294; x_wconf 79' lang='lat' dir='ltr'><strong>uper</strong></span> <span class='ocrx_word' id='word_1_51' title='bbox 829 1222 906 1281; x_wconf 87' lang='lat' dir='ltr'><strong>vium</strong></span> <span class='ocrx_word' id='word_1_52' title='bbox 922 1220 1051 1294; x_wconf 79' lang='lat' dir='ltr'><strong>tunpit’,·</strong></span> <span class='ocrx_word' id='word_1_53' title='bbox 1071 1236 1146 1279; x_wconf 89' lang='lat' dir='ltr'><strong>cum</strong></span> <span class='ocrx_word' id='word_1_54' title='bbox 1161 1214 1200 1280; x_wconf 91' lang='grc' dir='ltr'><strong>Ο.</strong></span> <span class='ocrx_word' id='word_1_55' title='bbox 1216 1210 1393 1278; x_wconf 86' lang='lat' dir='ltr'><strong>Muellerus</strong></span> <span class='ocrx_word' id='word_1_56' title='bbox 1410 1220 1588 1298; x_wconf 81' lang='lat' dir='ltr'><strong>praeeunte</strong></span> 
     </span>
     <span class='ocr_line' id='line_1_7' title="bbox 445 1316 1588 1404; baseline -0.001 -22"><span class='ocrx_word' id='word_1_57' title='bbox 445 1340 487 1383; x_wconf 88' lang='lat' dir='ltr'><strong>ex</strong></span> <span class='ocrx_word' id='word_1_58' title='bbox 502 1327 596 1404; x_wconf 85' lang='lat' dir='ltr'><strong>parte</strong></span> <span class='ocrx_word' id='word_1_59' title='bbox 610 1316 766 1383; x_wconf 80' lang='lat' dir='ltr'><strong>Dacierio</strong></span> <span class='ocrx_word' id='word_1_60' title='bbox 789 1318 979 1384; x_wconf 86' lang='lat' dir='ltr'><strong>restitueret</strong></span> <span class='ocrx_word' id='word_1_61' title='bbox 999 1316 1045 1403; x_wconf 88' lang='lat' dir='ltr'><strong>(p.</strong></span> <span class='ocrx_word' id='word_1_62' title='bbox 1059 1316 1112 1381; x_wconf 79' lang='lat'><strong>21.</strong></span> <span class='ocrx_word' id='word_1_63' title='bbox 1128 1316 1222 1401; x_wconf 80' lang='lat'>370):</span> <span class='ocrx_word' id='word_1_64' title='bbox 1245 1319 1425 1395; x_wconf 64' lang='lat' dir='ltr'><strong>‘Annaeus</strong></span> <span class='ocrx_word' id='word_1_65' title='bbox 1438 1321 1506 1379; x_wconf 76' lang='lat' dir='ltr'><strong>uiuo</strong></span> <span class='ocrx_word' id='word_1_66' title='bbox 1519 1335 1588 1381; x_wconf 87' lang='lat' dir='ltr'><strong>mu·</strong></span> 
     </span>
     <span class='ocr_line' id='line_1_8' title="bbox 443 1407 1589 1505; baseline -0.003 -21"><span class='ocrx_word' id='word_1_67' title='bbox 443 1426 560 1497; x_wconf 84' lang='lat' dir='ltr'><strong>niuniu,</strong></span> <span class='ocrx_word' id='word_1_68' title='bbox 581 1424 720 1483; x_wconf 82' lang='lat' dir='ltr'><strong>donicum</strong></span> <span class='ocrx_word' id='word_1_69' title='bbox 746 1425 864 1500; x_wconf 84' lang='lat' dir='ltr'><strong>lapides</strong></span> <span class='ocrx_word' id='word_1_70' title='bbox 889 1407 992 1485; x_wconf 83' lang='lat' dir='ltr'><strong>escunt</strong></span> <span class='ocrx_word' id='word_1_71' title='bbox 1019 1419 1118 1504; x_wconf 87' lang='lat' dir='ltr'><strong>(esunt</strong></span> <span class='ocrx_word' id='word_1_72' title='bbox 1136 1416 1314 1504; x_wconf 75' lang='lat' dir='ltr'><strong>Duc.):‘ni</strong></span> <span class='ocrx_word' id='word_1_73' title='bbox 1332 1423 1589 1505; x_wconf 77' lang='lat' dir='ltr'><strong>munierint,-puu</strong></span> 
     </span>
     <span class='ocr_line' id='line_1_9' title="bbox 443 1519 1588 1609; baseline -0.001 -23"><span class='ocrx_word' id='word_1_74' title='bbox 443 1529 531 1605; x_wconf 80' lang='lat' dir='ltr'><strong>nolet,</strong></span> <span class='ocrx_word' id='word_1_75' title='bbox 548 1528 677 1587; x_wconf 85' lang='lat' dir='ltr'><strong>iumento</strong></span> <span class='ocrx_word' id='word_1_76' title='bbox 692 1527 804 1601; x_wconf 78' lang='lat' dir='ltr'><strong>upito&#39;;</strong></span> <span class='ocrx_word' id='word_1_77' title='bbox 817 1522 1010 1589; x_wconf 85' lang='lat' dir='ltr'><strong>Huschkius</strong></span> <span class='ocrx_word' id='word_1_78' title='bbox 1027 1522 1074 1609; x_wconf 87' lang='lat' dir='ltr'><strong>(in</strong></span> <span class='ocrx_word' id='word_1_79' title='bbox 1089 1520 1239 1587; x_wconf 90' lang='lat' dir='ltr'><strong>Muelleri</strong></span> <span class='ocrx_word' id='word_1_80' title='bbox 1252 1519 1461 1608; x_wconf 87' lang='lat' dir='ltr'><strong>Suppl.Ann.</strong></span> <span class='ocrx_word' id='word_1_81' title='bbox 1475 1521 1588 1608; x_wconf 84' lang='lat' dir='ltr'><strong>p.414.</strong></span> 
     </span>
     <span class='ocr_line' id='line_1_10' title="bbox 443 1623 1590 1713; baseline -0.002 -22"><span class='ocrx_word' id='word_1_82' title='bbox 443 1623 564 1691; x_wconf 83' lang='lat' dir='ltr'><strong>Annsl.</strong></span> <span class='ocrx_word' id='word_1_83' title='bbox 587 1624 647 1690; x_wconf 90' lang='lat' dir='ltr'><strong>iur.</strong></span> <span class='ocrx_word' id='word_1_84' title='bbox 670 1625 783 1693; x_wconf 88' lang='lat' dir='ltr'><strong>scient.</strong></span> <span class='ocrx_word' id='word_1_85' title='bbox 801 1626 915 1691; x_wconf 84' lang='lat' dir='ltr'><strong>histor.</strong></span> <span class='ocrx_word' id='word_1_86' title='bbox 932 1625 1004 1695; x_wconf 92' lang='lat' dir='ltr'><strong>XII</strong></span> <span class='ocrx_word' id='word_1_87' title='bbox 1018 1624 1081 1690; x_wconf 84' lang='lat'><strong>393</strong></span> <span class='ocrx_word' id='word_1_88' title='bbox 1096 1625 1183 1713; x_wconf 87' lang='lat' dir='ltr'><strong>sqq.)</strong></span> <span class='ocrx_word' id='word_1_89' title='bbox 1204 1629 1258 1690; x_wconf 71' lang='lat' dir='ltr'><strong>‘Ni</strong></span> <span class='ocrx_word' id='word_1_90' title='bbox 1281 1632 1345 1690; x_wconf 79' lang='lat' dir='ltr'><strong>nius</strong></span> <span class='ocrx_word' id='word_1_91' title='bbox 1364 1629 1517 1703; x_wconf 85' lang='lat' dir='ltr'><strong>muniunt,</strong></span> <span class='ocrx_word' id='word_1_92' title='bbox 1538 1630 1590 1702; x_wconf 82' lang='lat' dir='ltr'><strong>qni</strong></span> 
     </span>
     <span class='ocr_line' id='line_1_11' title="bbox 444 1725 1588 1812; baseline 0 -21"><span class='ocrx_word' id='word_1_93' title='bbox 444 1734 497 1793; x_wconf 83' lang='lat' dir='ltr'><strong>uiis</strong></span> <span class='ocrx_word' id='word_1_94' title='bbox 512 1738 674 1807; x_wconf 76' lang='lat' dir='ltr'><strong>umsepetes</strong></span> <span class='ocrx_word' id='word_1_95' title='bbox 688 1742 770 1801; x_wconf 82' lang='lat' dir='ltr'><strong>sunt,</strong></span> <span class='ocrx_word' id='word_1_96' title='bbox 793 1749 852 1807; x_wconf 80' lang='lat' dir='ltr'><strong>quo</strong></span> <span class='ocrx_word' id='word_1_97' title='bbox 872 1735 961 1801; x_wconf 85' lang='lat' dir='ltr'><strong>uolet,</strong></span> <span class='ocrx_word' id='word_1_98' title='bbox 983 1734 1114 1793; x_wconf 81' lang='lat' dir='ltr'><strong>iumenta</strong></span> <span class='ocrx_word' id='word_1_99' title='bbox 1133 1735 1251 1807; x_wconf 79' lang='lat' dir='ltr'><strong>upito’;</strong></span> <span class='ocrx_word' id='word_1_100' title='bbox 1272 1727 1437 1812; x_wconf 84' lang='lat' dir='ltr'><strong>Bergkius</strong></span> <span class='ocrx_word' id='word_1_101' title='bbox 1452 1725 1588 1811; x_wconf 74' lang='lat' dir='ltr'><strong>(Annei</strong></span> 
     </span>
     <span class='ocr_line' id='line_1_12' title="bbox 443 1830 1590 1917; baseline -0.002 -21"><span class='ocrx_word' id='word_1_102' title='bbox 443 1831 507 1896; x_wconf 91' lang='lat' dir='ltr'><strong>inr.</strong></span> <span class='ocrx_word' id='word_1_103' title='bbox 524 1830 638 1897; x_wconf 87' lang='lat' dir='ltr'><strong>scient.</strong></span> <span class='ocrx_word' id='word_1_104' title='bbox 654 1831 730 1895; x_wconf 89' lang='lat' dir='ltr'><strong>hist.</strong></span> <span class='ocrx_word' id='word_1_105' title='bbox 746 1831 829 1897; x_wconf 89' lang='lat' dir='ltr'><strong>XIV</strong></span> <span class='ocrx_word' id='word_1_106' title='bbox 848 1831 922 1917; x_wconf 88' lang='lat'>144)</span> <span class='ocrx_word' id='word_1_107' title='bbox 944 1833 1012 1894; x_wconf 77' lang='lat' dir='ltr'><strong>‘Am</strong></span> <span class='ocrx_word' id='word_1_108' title='bbox 1034 1841 1145 1910; x_wconf 79' lang='lat' dir='ltr'><strong>repetes</strong></span> <span class='ocrx_word' id='word_1_109' title='bbox 1159 1831 1184 1915; x_wconf 86' lang='lat'><strong>¹)</strong></span> <span class='ocrx_word' id='word_1_110' title='bbox 1206 1837 1270 1895; x_wconf 80' lang='lat' dir='ltr'><strong>vius</strong></span> <span class='ocrx_word' id='word_1_111' title='bbox 1289 1835 1481 1895; x_wconf 84' lang='lat' dir='ltr'><strong>muniuntotl:</strong></span> <span class='ocrx_word' id='word_1_112' title='bbox 1502 1852 1538 1897; x_wconf 82' lang='lat' dir='ltr'><strong>ec</strong></span> <span class='ocrx_word' id='word_1_113' title='bbox 1557 1836 1590 1894; x_wconf 88' lang='lat' dir='ltr'><strong>ni</strong></span> 
     </span>
     <span class='ocr_line' id='line_1_13' title="bbox 442 1932 1587 2021; baseline 0.003 -25"><span class='ocrx_word' id='word_1_114' title='bbox 442 1939 512 1997; x_wconf 84' lang='lat' dir='ltr'><strong>suni</strong></span> <span class='ocrx_word' id='word_1_115' title='bbox 524 1938 641 2014; x_wconf 79' lang='lat' dir='ltr'><strong>lapides</strong></span> <span class='ocrx_word' id='word_1_116' title='bbox 655 1943 724 1998; x_wconf 85' lang='lat' dir='ltr'><strong>sunt</strong></span> <span class='ocrx_word' id='word_1_117' title='bbox 742 1954 802 2013; x_wconf 80' lang='lat' dir='ltr'><strong>quo</strong></span> <span class='ocrx_word' id='word_1_118' title='bbox 817 1955 842 1998; x_wconf 89' lang='lat' dir='ltr'><strong>u.</strong></span> <span class='ocrx_word' id='word_1_119' title='bbox 858 1940 877 1997; x_wconf 87' lang='lat' dir='ltr'><strong>i.</strong></span> <span class='ocrx_word' id='word_1_120' title='bbox 895 1942 939 1997; x_wconf 89' lang='lat' dir='ltr'><strong>u.’</strong></span> <span class='ocrx_word' id='word_1_121' title='bbox 969 1934 1096 1999; x_wconf 90' lang='lat' dir='ltr'><strong>Verum</strong></span> <span class='ocrx_word' id='word_1_122' title='bbox 1114 1933 1166 1999; x_wconf 89' lang='lat' dir='ltr'><strong>his</strong></span> <span class='ocrx_word' id='word_1_123' title='bbox 1189 1934 1333 2021; x_wconf 80' lang='lat' dir='ltr'><strong>palmam</strong></span> <span class='ocrx_word' id='word_1_124' title='bbox 1355 1934 1384 1997; x_wconf 94' lang='lat' dir='ltr'><strong>si</strong></span> <span class='ocrx_word' id='word_1_125' title='bbox 1403 1932 1501 2000; x_wconf 85' lang='lat' dir='ltr'><strong>modo</strong></span> <span class='ocrx_word' id='word_1_126' title='bbox 1523 1956 1587 2000; x_wconf 76' lang='lat' dir='ltr'><strong>me</strong></span> 
     </span>
     <span class='ocr_line' id='line_1_14' title="bbox 442 2036 1588 2123; baseline 0 -22"><span class='ocrx_word' id='word_1_127' title='bbox 442 2045 579 2101; x_wconf 87' lang='lat' dir='ltr'><strong>ruerunt</strong></span> <span class='ocrx_word' id='word_1_128' title='bbox 594 2036 729 2123; x_wconf 88' lang='lat' dir='ltr'><strong>eripuit,</strong></span> <span class='ocrx_word' id='word_1_129' title='bbox 746 2036 802 2122; x_wconf 91' lang='lat' dir='ltr'><strong>qui</strong></span> <span class='ocrx_word' id='word_1_130' title='bbox 822 2058 926 2123; x_wconf 84' lang='lat' dir='ltr'><strong>nuper</strong></span> <span class='ocrx_word' id='word_1_131' title='bbox 946 2037 1041 2102; x_wconf 89' lang='lat' dir='ltr'><strong>novis</strong></span> <span class='ocrx_word' id='word_1_132' title='bbox 1062 2036 1218 2102; x_wconf 85' lang='lat' dir='ltr'><strong>subsidiis</strong></span> <span class='ocrx_word' id='word_1_133' title='bbox 1239 2038 1420 2105; x_wconf 89' lang='lat' dir='ltr'><strong>instructus</strong></span> <span class='ocrx_word' id='word_1_134' title='bbox 1435 2036 1588 2102; x_wconf 78' lang='lat' dir='ltr'><strong>hunc-lc-</strong></span> 
     </span>
    </p>
   </div>
   <div class='ocr_carea' id='block_1_3' title="bbox 444 2138 1629 2225">
    <p class='ocr_par' dir='ltr' id='par_1_3' title="bbox 444 2138 1629 2225">
     <span class='ocr_line' id='line_1_15' title="bbox 444 2138 1629 2225; baseline -0.003 -22"><span class='ocrx_word' id='word_1_135' title='bbox 444 2160 517 2211; x_wconf 87' lang='lat' dir='ltr'><strong>oum</strong></span> <span class='ocrx_word' id='word_1_136' title='bbox 543 2138 701 2205; x_wconf 80' lang='lat' dir='ltr'><strong>tractavit</strong></span> <span class='ocrx_word' id='word_1_137' title='bbox 727 2138 950 2205; x_wconf 89' lang='lat' dir='ltr'><strong>Mommsenus</strong></span> <span class='ocrx_word' id='word_1_138' title='bbox 978 2138 1100 2223; x_wconf 68' lang='lat' dir='ltr'><strong>l‘Festi</strong></span> <span class='ocrx_word' id='word_1_139' title='bbox 1124 2138 1197 2205; x_wconf 88' lang='lat' dir='ltr'><strong>cod.</strong></span> <span class='ocrx_word' id='word_1_140' title='bbox 1225 2139 1397 2225; x_wconf 85' lang='lat' dir='ltr'><strong>quaternio</strong></span> <span class='ocrx_word' id='word_1_141' title='bbox 1423 2138 1527 2204; x_wconf 83' lang='lat' dir='ltr'><strong>XVI&#39;</strong></span> <span class='ocrx_word' id='word_1_142' title='bbox 1555 2143 1590 2205; x_wconf 92' lang='lat' dir='ltr'><strong>in</strong></span> <span class='ocrx_word' id='word_1_143' title='bbox 1625 2192 1629 2199; x_wconf 93' lang='lat'>.</span> 
     </span>
    </p>
   </div>
   <div class='ocr_carea' id='block_1_4' title="bbox 445 2240 1590 2431">
    <p class='ocr_par' dir='ltr' id='par_1_4' title="bbox 445 2240 1590 2431">
     <span class='ocr_line' id='line_1_16' title="bbox 445 2240 1590 2327; baseline 0.003 -22"><span class='ocrx_word' id='word_1_144' title='bbox 445 2240 661 2307; x_wconf 82' lang='lat' dir='ltr'><strong>Commentat.</strong></span> <span class='ocrx_word' id='word_1_145' title='bbox 678 2242 791 2307; x_wconf 85' lang='lat' dir='ltr'><strong>societ.</strong></span> <span class='ocrx_word' id='word_1_146' title='bbox 805 2240 914 2314; x_wconf 87' lang='lat' dir='ltr'><strong>Berol.</strong></span> <span class='ocrx_word' id='word_1_147' title='bbox 931 2265 961 2305; x_wconf 87' lang='lat' dir='ltr'><strong>a.</strong></span> <span class='ocrx_word' id='word_1_148' title='bbox 979 2241 1062 2305; x_wconf 86' lang='grc'>1864</span> <span class='ocrx_word' id='word_1_149' title='bbox 1082 2264 1113 2327; x_wconf 90' lang='lat' dir='ltr'><strong>p.</strong></span> <span class='ocrx_word' id='word_1_150' title='bbox 1130 2242 1201 2327; x_wconf 83' lang='lat'>85):</span> <span class='ocrx_word' id='word_1_151' title='bbox 1224 2242 1277 2308; x_wconf 91' lang='lat' dir='ltr'><strong>cui</strong></span> <span class='ocrx_word' id='word_1_152' title='bbox 1295 2264 1362 2306; x_wconf 92' lang='lat' dir='ltr'><strong>non</strong></span> <span class='ocrx_word' id='word_1_153' title='bbox 1382 2240 1488 2307; x_wconf 91' lang='lat' dir='ltr'><strong>solum</strong></span> <span class='ocrx_word' id='word_1_154' title='bbox 1509 2244 1590 2309; x_wconf 76' lang='lat' dir='ltr'><strong>haec</strong></span> 
     </span>
     <span class='ocr_line' id='line_1_17' title="bbox 446 2342 1589 2431; baseline 0.002 -22"><span class='ocrx_word' id='word_1_155' title='bbox 446 2343 549 2409; x_wconf 82' lang='lat' dir='ltr'><strong>verba</strong></span> <span class='ocrx_word' id='word_1_156' title='bbox 563 2344 683 2409; x_wconf 87' lang='lat' dir='ltr'><strong>rectius</strong></span> <span class='ocrx_word' id='word_1_157' title='bbox 700 2342 917 2426; x_wconf 86' lang='lat' dir='ltr'><strong>constituere,</strong></span> <span class='ocrx_word' id='word_1_158' title='bbox 934 2344 993 2410; x_wconf 88' lang='lat' dir='ltr'><strong>sed</strong></span> <span class='ocrx_word' id='word_1_159' title='bbox 1008 2345 1109 2410; x_wconf 84' lang='lat' dir='ltr'><strong>etiam</strong></span> <span class='ocrx_word' id='word_1_160' title='bbox 1123 2368 1165 2409; x_wconf 89' lang='lat' dir='ltr'><strong>ex</strong></span> <span class='ocrx_word' id='word_1_161' title='bbox 1179 2343 1344 2431; x_wconf 90' lang='lat' dir='ltr'><strong>prioribus</strong></span> <span class='ocrx_word' id='word_1_162' title='bbox 1366 2344 1448 2409; x_wconf 88' lang='lat' dir='ltr'><strong>mire</strong></span> <span class='ocrx_word' id='word_1_163' title='bbox 1468 2344 1589 2411; x_wconf 81' lang='lat' dir='ltr'><strong>lacera·</strong></span> 
     </span>
    </p>
   </div>
   <div class='ocr_carea' id='block_1_5' title="bbox 446 2444 1692 2635">
    <p class='ocr_par' dir='ltr' id='par_1_5' title="bbox 446 2444 1692 2635">
     <span class='ocr_line' id='line_1_18' title="bbox 446 2444 1692 2534; baseline 0.002 -23"><span class='ocrx_word' id='word_1_164' title='bbox 446 2446 489 2511; x_wconf 91' lang='lat' dir='ltr'><strong>tis</strong></span> <span class='ocrx_word' id='word_1_165' title='bbox 507 2446 612 2511; x_wconf 82' lang='lat' dir='ltr'><strong>bonae</strong></span> <span class='ocrx_word' id='word_1_166' title='bbox 627 2444 732 2531; x_wconf 83' lang='lat' dir='ltr'><strong>frugis</strong></span> <span class='ocrx_word' id='word_1_167' title='bbox 753 2444 880 2533; x_wconf 86' lang='lat' dir='ltr'><strong>aliquid</strong></span> <span class='ocrx_word' id='word_1_168' title='bbox 902 2446 946 2511; x_wconf 81' lang='lat' dir='ltr'><strong>ad</strong></span> <span class='ocrx_word' id='word_1_169' title='bbox 965 2445 1071 2532; x_wconf 82' lang='lat' dir='ltr'><strong>legem</strong></span> <span class='ocrx_word' id='word_1_170' title='bbox 1091 2447 1162 2513; x_wconf 84' lang='lat' dir='ltr'><strong>XII</strong></span> <span class='ocrx_word' id='word_1_171' title='bbox 1175 2456 1329 2534; x_wconf 87' lang='lat' dir='ltr'><strong>repetere</strong></span> <span class='ocrx_word' id='word_1_172' title='bbox 1349 2447 1498 2533; x_wconf 82' lang='lat' dir='ltr'><strong>contigit.</strong></span> <span class='ocrx_word' id='word_1_173' title='bbox 1528 2448 1591 2513; x_wconf 86' lang='lat' dir='ltr'><strong>Est</strong></span> <span class='ocrx_word' id='word_1_174' title='bbox 1691 2471 1692 2534; x_wconf 47' lang='lat' dir='ltr'><strong>q</strong></span> 
     </span>
     <span class='ocr_line' id='line_1_19' title="bbox 446 2545 1692 2635; baseline 0.002 -24"><span class='ocrx_word' id='word_1_175' title='bbox 446 2547 533 2611; x_wconf 89' lang='lat' dir='ltr'><strong>enim</strong></span> <span class='ocrx_word' id='word_1_176' title='bbox 546 2545 705 2612; x_wconf 88' lang='lat' dir='ltr'><strong>librorum</strong></span> <span class='ocrx_word' id='word_1_177' title='bbox 720 2571 802 2635; x_wconf 91' lang='lat' dir='ltr'><strong>quos</strong></span> <span class='ocrx_word' id='word_1_178' title='bbox 818 2548 853 2611; x_wconf 91' lang='lat' dir='ltr'><strong>in</strong></span> <span class='ocrx_word' id='word_1_179' title='bbox 868 2548 1041 2615; x_wconf 89' lang='lat' dir='ltr'><strong>consilium</strong></span> <span class='ocrx_word' id='word_1_180' title='bbox 1062 2548 1116 2614; x_wconf 92' lang='lat' dir='ltr'><strong>ille</strong></span> <span class='ocrx_word' id='word_1_181' title='bbox 1131 2550 1266 2616; x_wconf 81' lang='lat' dir='ltr'><strong>vocavit</strong></span> <span class='ocrx_word' id='word_1_182' title='bbox 1288 2548 1465 2635; x_wconf 79' lang='lat' dir='ltr'><strong>singularis</strong></span> <span class='ocrx_word' id='word_1_183' title='bbox 1484 2549 1518 2616; x_wconf 92' lang='lat' dir='ltr'><strong>in</strong></span> <span class='ocrx_word' id='word_1_184' title='bbox 1540 2549 1589 2614; x_wconf 86' lang='lat' dir='ltr'><strong>bis</strong></span> <span class='ocrx_word' id='word_1_185' title='bbox 1691 2549 1692 2554; x_wconf 68' lang='grc'>’</span> 
     </span>
    </p>
   </div>
   <div class='ocr_carea' id='block_1_6' title="bbox 447 2648 1200 2739">
    <p class='ocr_par' dir='ltr' id='par_1_6' title="bbox 447 2648 1200 2739">
     <span class='ocr_line' id='line_1_20' title="bbox 447 2648 1200 2739; baseline -0.001 -24"><span class='ocrx_word' id='word_1_186' title='bbox 447 2648 681 2735; x_wconf 83' lang='lat' dir='ltr'><strong>discrepantis,</strong></span> <span class='ocrx_word' id='word_1_187' title='bbox 698 2651 829 2737; x_wconf 85' lang='lat' dir='ltr'><strong>qualem</strong></span> <span class='ocrx_word' id='word_1_188' title='bbox 845 2649 1044 2739; x_wconf 84' lang='lat' dir='ltr'><strong>descriptum</strong></span> <span class='ocrx_word' id='word_1_189' title='bbox 1059 2651 1200 2719; x_wconf 88' lang='lat' dir='ltr'><strong>subieci:</strong></span> 
     </span>
    </p>
   </div>
   <div class='ocr_carea' id='block_1_7' title="bbox 468 2853 1544 3025">
    <p class='ocr_par' dir='ltr' id='par_1_7' title="bbox 468 2853 1544 3025">
     <span class='ocr_line' id='line_1_21' title="bbox 468 2853 1544 2957; baseline 0.007 -40"><span class='ocrx_word' id='word_1_190' title='bbox 468 2853 690 2921; x_wconf 81' lang='lat' dir='ltr'><strong>Vaticanus</strong></span> <span class='ocrx_word' id='word_1_191' title='bbox 713 2854 795 2921; x_wconf 79' lang='lat'><strong>2731</strong></span> <span class='ocrx_word' id='word_1_192' title='bbox 883 2856 1145 2924; x_wconf 84' lang='lat' dir='ltr'><strong>Victorianus</strong></span> <span class='ocrx_word' id='word_1_193' title='bbox 1166 2870 1195 2920; x_wconf 85' lang='lat' dir='ltr'><strong>e&#39;</strong></span> <span class='ocrx_word' id='word_1_194' title='bbox 1286 2858 1544 2957; x_wconf 81' lang='lat' dir='ltr'><strong>Ursinianus.</strong></span> 
     </span>
     <span class='ocr_line' id='line_1_22' title="bbox 495 2956 1199 3025; baseline -0.001 -3"><span class='ocrx_word' id='word_1_195' title='bbox 495 2957 774 3023; x_wconf 87' lang='lat' dir='ltr'><strong>ctLeidensis.</strong></span> <span class='ocrx_word' id='word_1_196' title='bbox 866 2956 1199 3025; x_wconf 85' lang='lat' dir='ltr'><strong>Politianilibro.</strong></span> 
     </span>
    </p>
   </div>
   <div class='ocr_carea' id='block_1_8' title="bbox 444 3098 1593 3787">
    <p class='ocr_par' dir='ltr' id='par_1_8' title="bbox 444 3098 1593 3787">
     <span class='ocr_line' id='line_1_23' title="bbox 455 3098 1591 3176; baseline 0.004 -20"><span class='ocrx_word' id='word_1_197' title='bbox 455 3098 528 3157; x_wconf 87' lang='lat' dir='ltr'><strong>Viue</strong></span> <span class='ocrx_word' id='word_1_198' title='bbox 555 3104 623 3156; x_wconf 89' lang='lat' dir='ltr'><strong>sunt</strong></span> <span class='ocrx_word' id='word_1_199' title='bbox 642 3104 671 3158; x_wconf 84' lang='lat' dir='ltr'><strong>et</strong></span> <span class='ocrx_word' id='word_1_200' title='bbox 687 3101 829 3174; x_wconf 76' lang='lat' dir='ltr'><strong>puplicae</strong></span> <span class='ocrx_word' id='word_1_201' title='bbox 864 3101 937 3161; x_wconf 85' lang='lat' dir='ltr'><strong>Viue</strong></span> <span class='ocrx_word' id='word_1_202' title='bbox 950 3110 1019 3160; x_wconf 84' lang='lat' dir='ltr'><strong>sunt</strong></span> <span class='ocrx_word' id='word_1_203' title='bbox 1032 3108 1061 3160; x_wconf 90' lang='lat' dir='ltr'><strong>et</strong></span> <span class='ocrx_word' id='word_1_204' title='bbox 1071 3100 1210 3175; x_wconf 78' lang='lat' dir='ltr'><strong>pullione</strong></span> <span class='ocrx_word' id='word_1_205' title='bbox 1245 3102 1318 3161; x_wconf 84' lang='lat' dir='ltr'><strong>Viae</strong></span> <span class='ocrx_word' id='word_1_206' title='bbox 1331 3108 1401 3161; x_wconf 82' lang='lat' dir='ltr'><strong>sunt</strong></span> <span class='ocrx_word' id='word_1_207' title='bbox 1412 3107 1443 3161; x_wconf 84' lang='lat' dir='ltr'><strong>et</strong></span> <span class='ocrx_word' id='word_1_208' title='bbox 1453 3102 1591 3176; x_wconf 80' lang='lat' dir='ltr'><strong>publicae</strong></span> 
     </span>
     <span class='ocr_line' id='line_1_24' title="bbox 447 3201 1591 3279; baseline 0.003 -20"><span class='ocrx_word' id='word_1_209' title='bbox 447 3206 476 3259; x_wconf 87' lang='lat' dir='ltr'><strong>el</strong></span> <span class='ocrx_word' id='word_1_210' title='bbox 516 3201 654 3275; x_wconf 79' lang='lat' dir='ltr'><strong>priuatae</strong></span> <span class='ocrx_word' id='word_1_211' title='bbox 687 3204 831 3277; x_wconf 80' lang='lat' dir='ltr'><strong>puplicae</strong></span> <span class='ocrx_word' id='word_1_212' title='bbox 855 3221 911 3279; x_wconf 88' lang='lat' dir='ltr'><strong>per</strong></span> <span class='ocrx_word' id='word_1_213' title='bbox 923 3246 1034 3264; x_wconf 90' lang='grc'><strong>.....</strong></span> <span class='ocrx_word' id='word_1_214' title='bbox 1051 3202 1211 3263; x_wconf 80' lang='lat' dir='ltr'><strong>comnibus</strong></span> <span class='ocrx_word' id='word_1_215' title='bbox 1235 3220 1293 3279; x_wconf 86' lang='lat' dir='ltr'><strong>per</strong></span> <span class='ocrx_word' id='word_1_216' title='bbox 1314 3247 1322 3263; x_wconf 89' lang='lat'><strong>.</strong></span> <span class='ocrx_word' id='word_1_217' title='bbox 1340 3247 1349 3264; x_wconf 85' lang='lat'><strong>.</strong></span> <span class='ocrx_word' id='word_1_218' title='bbox 1365 3248 1373 3264; x_wconf 92' lang='lat'><strong>.</strong></span> <span class='ocrx_word' id='word_1_219' title='bbox 1392 3248 1400 3264; x_wconf 91' lang='lat'><strong>.</strong></span> <span class='ocrx_word' id='word_1_220' title='bbox 1421 3222 1437 3264; x_wconf 87' lang='lat' dir='ltr'><strong>e</strong></span> <span class='ocrx_word' id='word_1_221' title='bbox 1460 3206 1591 3264; x_wconf 81' lang='lat' dir='ltr'><strong>omnibus</strong></span> 
     </span>
     <span class='ocr_line' id='line_1_25' title="bbox 444 3293 1592 3381; baseline 0.004 -21"><span class='ocrx_word' id='word_1_222' title='bbox 444 3318 503 3377; x_wconf 84' lang='lat' dir='ltr'><strong>per</strong></span> <span class='ocrx_word' id='word_1_223' title='bbox 528 3318 603 3377; x_wconf 85' lang='lat' dir='ltr'><strong>quus</strong></span> <span class='ocrx_word' id='word_1_224' title='bbox 629 3304 674 3361; x_wconf 83' lang='lat' dir='ltr'><strong>ire</strong></span> <span class='ocrx_word' id='word_1_225' title='bbox 699 3304 831 3364; x_wconf 83' lang='lat' dir='ltr'><strong>omnibus</strong></span> <span class='ocrx_word' id='word_1_226' title='bbox 855 3308 924 3366; x_wconf 86' lang='lat' dir='ltr'><strong>licet</strong></span> <span class='ocrx_word' id='word_1_227' title='bbox 942 3313 971 3366; x_wconf 88' lang='lat' dir='ltr'><strong>et</strong></span> <span class='ocrx_word' id='word_1_228' title='bbox 983 3308 1123 3381; x_wconf 85' lang='lat' dir='ltr'><strong>priuutue</strong></span> <span class='ocrx_word' id='word_1_229' title='bbox 1142 3307 1212 3380; x_wconf 83' lang='lat' dir='ltr'><strong>qui·</strong></span> <span class='ocrx_word' id='word_1_230' title='bbox 1236 3308 1305 3366; x_wconf 86' lang='lat' dir='ltr'><strong>licet</strong></span> <span class='ocrx_word' id='word_1_231' title='bbox 1328 3308 1467 3381; x_wconf 83' lang='lat' dir='ltr'><strong>priuatae</strong></span> <span class='ocrx_word' id='word_1_232' title='bbox 1489 3293 1592 3381; x_wconf 68' lang='lat' dir='ltr'><strong>quitus</strong></span> 
     </span>
     <span class='ocr_line' id='line_1_26' title="bbox 447 3405 1592 3484; baseline 0.003 -21"><span class='ocrx_word' id='word_1_233' title='bbox 447 3406 516 3463; x_wconf 85' lang='lat' dir='ltr'><strong>licet</strong></span> <span class='ocrx_word' id='word_1_234' title='bbox 547 3405 686 3479; x_wconf 84' lang='lat' dir='ltr'><strong>priuatae</strong></span> <span class='ocrx_word' id='word_1_235' title='bbox 725 3406 830 3479; x_wconf 76' lang='lat' dir='ltr'><strong>quilius</strong></span> <span class='ocrx_word' id='word_1_236' title='bbox 856 3409 909 3468; x_wconf 85' lang='lat' dir='ltr'><strong>lus</strong></span> <span class='ocrx_word' id='word_1_237' title='bbox 928 3411 1072 3469; x_wconf 85' lang='lat' dir='ltr'><strong>neminem</strong></span> <span class='ocrx_word' id='word_1_238' title='bbox 1093 3411 1158 3468; x_wconf 89' lang='lat' dir='ltr'><strong>uti.</strong></span> <span class='ocrx_word' id='word_1_239' title='bbox 1176 3453 1184 3468; x_wconf 91' lang='lat'><strong>.</strong></span> <span class='ocrx_word' id='word_1_240' title='bbox 1203 3451 1210 3467; x_wconf 88' lang='lat'>.</span> <span class='ocrx_word' id='word_1_241' title='bbox 1238 3410 1355 3468; x_wconf 86' lang='lat' dir='ltr'><strong>uetitum</strong></span> <span class='ocrx_word' id='word_1_242' title='bbox 1367 3410 1412 3467; x_wconf 90' lang='lat' dir='ltr'><strong>uti</strong></span> <span class='ocrx_word' id='word_1_243' title='bbox 1422 3452 1430 3469; x_wconf 92' lang='lat'><strong>.</strong></span> <span class='ocrx_word' id='word_1_244' title='bbox 1448 3451 1456 3468; x_wconf 87' lang='lat'><strong>.</strong></span> <span class='ocrx_word' id='word_1_245' title='bbox 1473 3426 1592 3484; x_wconf 83' lang='lat' dir='ltr'><strong>.proe-</strong></span> 
     </span>
     <span class='ocr_line' id='line_1_27' title="bbox 449 3506 1593 3586; baseline 0.005 -23"><span class='ocrx_word' id='word_1_246' title='bbox 449 3507 561 3564; x_wconf 85' lang='lat' dir='ltr'><strong>nemini</strong></span> <span class='ocrx_word' id='word_1_247' title='bbox 594 3512 623 3565; x_wconf 88' lang='lat' dir='ltr'><strong>et</strong></span> <span class='ocrx_word' id='word_1_248' title='bbox 657 3506 714 3566; x_wconf 76' lang='lat' dir='ltr'><strong>luae</strong></span> <span class='ocrx_word' id='word_1_249' title='bbox 753 3508 833 3567; x_wconf 83' lang='lat' dir='ltr'><em>VIII</em></span> <span class='ocrx_word' id='word_1_250' title='bbox 854 3522 979 3586; x_wconf 84' lang='lat' dir='ltr'><strong>praeter</strong></span> <span class='ocrx_word' id='word_1_251' title='bbox 1002 3520 1211 3585; x_wconf 77' lang='lat' dir='ltr'><strong>eorumquo-</strong></span> <span class='ocrx_word' id='word_1_252' title='bbox 1238 3517 1283 3571; x_wconf 83' lang='lat' dir='ltr'><strong>ler</strong></span> <span class='ocrx_word' id='word_1_253' title='bbox 1324 3527 1425 3571; x_wconf 86' lang='lat' dir='ltr'><strong>eorum</strong></span> <span class='ocrx_word' id='word_1_254' title='bbox 1468 3527 1593 3585; x_wconf 82' lang='lat' dir='ltr'><strong>quornm</strong></span> 
     </span>
     <span class='ocr_line' id='line_1_28' title="bbox 445 3608 1593 3689; baseline 0.007 -24"><span class='ocrx_word' id='word_1_255' title='bbox 445 3608 540 3683; x_wconf 81' lang='lat' dir='ltr'><strong>peiles</strong></span> <span class='ocrx_word' id='word_1_256' title='bbox 555 3608 585 3666; x_wconf 92' lang='lat' dir='ltr'><strong>in</strong></span> <span class='ocrx_word' id='word_1_257' title='bbox 597 3610 753 3669; x_wconf 77' lang='lat' dir='ltr'><strong>latitudine</strong></span> <span class='ocrx_word' id='word_1_258' title='bbox 764 3613 830 3671; x_wconf 85' lang='lat' dir='ltr'><strong>iure</strong></span> <span class='ocrx_word' id='word_1_259' title='bbox 856 3629 923 3672; x_wconf 85' lang='lat' dir='ltr'><strong>rum</strong></span> <span class='ocrx_word' id='word_1_260' title='bbox 944 3622 1013 3674; x_wconf 89' lang='lat' dir='ltr'><strong>sunt</strong></span> <span class='ocrx_word' id='word_1_261' title='bbox 1032 3621 1061 3674; x_wconf 89' lang='lat' dir='ltr'><strong>et</strong></span> <span class='ocrx_word' id='word_1_262' title='bbox 1080 3617 1122 3673; x_wconf 88' lang='lat' dir='ltr'><strong>itu</strong></span> <span class='ocrx_word' id='word_1_263' title='bbox 1141 3616 1212 3689; x_wconf 84' lang='lat' dir='ltr'><strong>pri-</strong></span> <span class='ocrx_word' id='word_1_264' title='bbox 1237 3615 1473 3689; x_wconf 82' lang='lat' dir='ltr'><strong>suntpriuutue.</strong></span> <span class='ocrx_word' id='word_1_265' title='bbox 1487 3658 1495 3674; x_wconf 89' lang='lat'><strong>.</strong></span> <span class='ocrx_word' id='word_1_266' title='bbox 1509 3658 1517 3674; x_wconf 87' lang='lat'><strong>.</strong></span> <span class='ocrx_word' id='word_1_267' title='bbox 1531 3616 1593 3673; x_wconf 86' lang='lat' dir='ltr'><strong>vius</strong></span> 
     </span>
     <span class='ocr_line' id='line_1_29' title="bbox 449 3712 1593 3787; baseline 0.004 -17"><span class='ocrx_word' id='word_1_268' title='bbox 449 3716 479 3770; x_wconf 85' lang='lat' dir='ltr'><strong>et</strong></span> <span class='ocrx_word' id='word_1_269' title='bbox 492 3712 713 3785; x_wconf 78' lang='lat' dir='ltr'><strong>lepepuplicue</strong></span> <span class='ocrx_word' id='word_1_270' title='bbox 727 3728 825 3787; x_wconf 85' lang='lat' dir='ltr'><strong>quun·</strong></span> <span class='ocrx_word' id='word_1_271' title='bbox 856 3724 943 3775; x_wconf 85' lang='lat' dir='ltr'><strong>uutue</strong></span> <span class='ocrx_word' id='word_1_272' title='bbox 956 3760 980 3777; x_wconf 89' lang='lat'><strong>..</strong></span> <span class='ocrx_word' id='word_1_273' title='bbox 995 3719 1210 3777; x_wconf 86' lang='lat' dir='ltr'><strong>uiosmuninn-</strong></span> <span class='ocrx_word' id='word_1_274' title='bbox 1239 3719 1391 3775; x_wconf 76' lang='lat' dir='ltr'><strong>muniunto</strong></span> <span class='ocrx_word' id='word_1_275' title='bbox 1448 3716 1593 3775; x_wconf 78' lang='lat' dir='ltr'><strong>dionisam</strong></span> 
     </span>
    </p>
   </div>
   <div class='ocr_carea' id='block_1_9' title="bbox 449 3815 1689 3916">
    <p class='ocr_par' dir='ltr' id='par_1_9' title="bbox 449 3815 1689 3916">
     <span class='ocr_line' id='line_1_30' title="bbox 449 3815 1689 3916; baseline 0.006 -45"><span class='ocrx_word' id='word_1_276' title='bbox 449 3818 510 3872; x_wconf 87' lang='lat' dir='ltr'><strong>tum</strong></span> <span class='ocrx_word' id='word_1_277' title='bbox 520 3815 600 3873; x_wconf 85' lang='lat' dir='ltr'><strong>ratio</strong></span> <span class='ocrx_word' id='word_1_278' title='bbox 609 3816 743 3875; x_wconf 79' lang='lat' dir='ltr'><strong>utilitatis</strong></span> <span class='ocrx_word' id='word_1_279' title='bbox 755 3834 828 3891; x_wconf 84' lang='lat' dir='ltr'><strong>per-</strong></span> <span class='ocrx_word' id='word_1_280' title='bbox 857 3826 884 3878; x_wconf 90' lang='lat' dir='ltr'><strong>tc</strong></span> <span class='ocrx_word' id='word_1_281' title='bbox 899 3821 1046 3878; x_wconf 82' lang='lat' dir='ltr'><strong>omsumtli</strong></span> <span class='ocrx_word' id='word_1_282' title='bbox 1058 3821 1212 3894; x_wconf 79' lang='lat' dir='ltr'><strong>lapidus..</strong></span> <span class='ocrx_word' id='word_1_283' title='bbox 1238 3820 1356 3895; x_wconf 78' lang='lat' dir='ltr'><strong>lapides</strong></span> <span class='ocrx_word' id='word_1_284' title='bbox 1370 3824 1511 3893; x_wconf 75' lang='lat' dir='ltr'><strong>suntque</strong></span> <span class='ocrx_word' id='word_1_285' title='bbox 1522 3821 1595 3881; x_wconf 86' lang='lat' dir='ltr'><strong>uolet</strong></span> <span class='ocrx_word' id='word_1_286' title='bbox 1688 3883 1689 3916; x_wconf 14' lang='grc' dir='ltr'>ἦ</span> 
     </span>
    </p>
   </div>
   <div class='ocr_carea' id='block_1_10' title="bbox 449 3917 1473 4099">
    <p class='ocr_par' dir='ltr' id='par_1_10' title="bbox 449 3917 1473 4099">
     <span class='ocr_line' id='line_1_31' title="bbox 449 3917 1473 3997; baseline 0.006 -22"><span class='ocrx_word' id='word_1_287' title='bbox 449 3917 535 3975; x_wconf 85' lang='lat' dir='ltr'><strong>mittit</strong></span> <span class='ocrx_word' id='word_1_288' title='bbox 562 3918 613 3976; x_wconf 79' lang='lat' dir='ltr'><strong>lex</strong></span> <span class='ocrx_word' id='word_1_289' title='bbox 643 3918 722 3976; x_wconf 84' lang='lat' dir='ltr'><strong>iubet</strong></span> <span class='ocrx_word' id='word_1_290' title='bbox 749 3918 833 3979; x_wconf 81' lang='lat' dir='ltr'><strong>XVI</strong></span> <span class='ocrx_word' id='word_1_291' title='bbox 857 3930 925 3981; x_wconf 89' lang='lat' dir='ltr'><strong>sunt</strong></span> <span class='ocrx_word' id='word_1_292' title='bbox 936 3938 996 3996; x_wconf 86' lang='lat' dir='ltr'><strong>qun</strong></span> <span class='ocrx_word' id='word_1_293' title='bbox 1004 3924 1078 3983; x_wconf 80' lang='lat' dir='ltr'><strong>inlu</strong></span> <span class='ocrx_word' id='word_1_294' title='bbox 1087 3931 1214 3983; x_wconf 84' lang='lat' dir='ltr'><strong>curante</strong></span> <span class='ocrx_word' id='word_1_295' title='bbox 1239 3925 1369 3983; x_wconf 84' lang='lat' dir='ltr'><strong>iumento</strong></span> <span class='ocrx_word' id='word_1_296' title='bbox 1384 3924 1473 3997; x_wconf 82' lang='lat' dir='ltr'><strong>opilo.</strong></span> 
     </span>
     <span class='ocr_line' id='line_1_32' title="bbox 450 4018 951 4099; baseline 0.008 -22"><span class='ocrx_word' id='word_1_297' title='bbox 450 4018 484 4077; x_wconf 89' lang='lat' dir='ltr'><em>X</em></span> <span class='ocrx_word' id='word_1_298' title='bbox 491 4019 572 4093; x_wconf 79' lang='lat' dir='ltr'><strong>une</strong></span> <span class='ocrx_word' id='word_1_299' title='bbox 583 4020 677 4094; x_wconf 81' lang='lat' dir='ltr'><strong>pedes</strong></span> <span class='ocrx_word' id='word_1_300' title='bbox 690 4037 753 4080; x_wconf 84' lang='lat' dir='ltr'><strong>esse</strong></span> <span class='ocrx_word' id='word_1_301' title='bbox 768 4023 831 4080; x_wconf 86' lang='lat' dir='ltr'><strong>uias</strong></span> <span class='ocrx_word' id='word_1_302' title='bbox 858 4032 951 4099; x_wconf 77' lang='lat' dir='ltr'><strong>npetu.</strong></span> 
     </span>
    </p>
   </div>
   <div class='ocr_carea' id='block_1_11' title="bbox 450 4122 834 4503">
    <p class='ocr_par' dir='ltr' id='par_1_11' title="bbox 450 4122 834 4503">
     <span class='ocr_line' id='line_1_33' title="bbox 450 4122 833 4195; baseline 0.005 -16"><span class='ocrx_word' id='word_1_303' title='bbox 450 4127 484 4179; x_wconf 91' lang='lat' dir='ltr'><strong>ut</strong></span> <span class='ocrx_word' id='word_1_304' title='bbox 510 4122 564 4195; x_wconf 79' lang='lat' dir='ltr'><strong>qui</strong></span> <span class='ocrx_word' id='word_1_305' title='bbox 596 4124 661 4181; x_wconf 83' lang='lat' dir='ltr'><strong>vius</strong></span> <span class='ocrx_word' id='word_1_306' title='bbox 696 4126 833 4182; x_wconf 79' lang='lat' dir='ltr'><strong>munium</strong></span> 
     </span>
     <span class='ocr_line' id='line_1_34' title="bbox 452 4224 832 4300; baseline 0.008 -19"><span class='ocrx_word' id='word_1_307' title='bbox 452 4224 592 4283; x_wconf 79' lang='lat' dir='ltr'><strong>onisundi</strong></span> <span class='ocrx_word' id='word_1_308' title='bbox 618 4226 739 4300; x_wconf 81' lang='lat' dir='ltr'><strong>lapidos</strong></span> <span class='ocrx_word' id='word_1_309' title='bbox 772 4242 832 4299; x_wconf 81' lang='lat' dir='ltr'><strong>pun</strong></span> 
     </span>
     <span class='ocr_line' id='line_1_35' title="bbox 452 4326 834 4399; baseline 0.008 -15"><span class='ocrx_word' id='word_1_310' title='bbox 452 4326 526 4385; x_wconf 86' lang='lat' dir='ltr'><strong>uolet</strong></span> <span class='ocrx_word' id='word_1_311' title='bbox 545 4328 672 4387; x_wconf 85' lang='lat' dir='ltr'><strong>iumento</strong></span> <span class='ocrx_word' id='word_1_312' title='bbox 692 4328 834 4399; x_wconf 79' lang='lat' dir='ltr'><strong>(iumento</strong></span> 
     </span>
     <span class='ocr_line' id='line_1_36' title="bbox 460 4429 604 4503; baseline 0.007 -16"><span class='ocrx_word' id='word_1_313' title='bbox 460 4429 498 4503; x_wconf 85' lang='lat' dir='ltr'><strong>V)</strong></span> <span class='ocrx_word' id='word_1_314' title='bbox 515 4430 604 4501; x_wconf 77' lang='lat' dir='ltr'><strong>opilo.</strong></span> 
     </span>
    </p>
   </div>
   <div class='ocr_carea' id='block_1_12' title="bbox 496 4686 1345 4787">
    <p class='ocr_par' dir='ltr' id='par_1_12' title="bbox 496 4686 1345 4787">
     <span class='ocr_line' id='line_1_37' title="bbox 496 4686 1345 4787; baseline 0.006 -18"><span class='ocrx_word' id='word_1_315' title='bbox 496 4686 499 4692; x_wconf 28' lang='grc' dir='ltr'>Ι</span> <span class='ocrx_word' id='word_1_316' title='bbox 521 4719 543 4787; x_wconf 84' lang='lat'><strong>¹)</strong></span> <span class='ocrx_word' id='word_1_317' title='bbox 562 4722 605 4772; x_wconf 83' lang='lat' dir='ltr'><strong>lta</strong></span> <span class='ocrx_word' id='word_1_318' title='bbox 623 4722 678 4772; x_wconf 83' lang='lat' dir='ltr'><strong>ism</strong></span> <span class='ocrx_word' id='word_1_319' title='bbox 696 4720 755 4770; x_wconf 84' lang='lat' dir='ltr'><strong>Ion.</strong></span> <span class='ocrx_word' id='word_1_320' title='bbox 776 4737 793 4771; x_wconf 81' lang='lat' dir='ltr'><strong>s</strong></span> <span class='ocrx_word' id='word_1_321' title='bbox 812 4720 897 4773; x_wconf 80' lang='lat' dir='ltr'><strong>Costa</strong></span> <span class='ocrx_word' id='word_1_322' title='bbox 915 4722 944 4772; x_wconf 93' lang='lat' dir='ltr'><strong>in</strong></span> <span class='ocrx_word' id='word_1_323' title='bbox 962 4722 1135 4772; x_wconf 81' lang='lat' dir='ltr'><strong>Meermanni</strong></span> <span class='ocrx_word' id='word_1_324' title='bbox 1152 4720 1235 4772; x_wconf 87' lang='lat' dir='ltr'><strong>Thes.</strong></span> <span class='ocrx_word' id='word_1_325' title='bbox 1255 4723 1269 4773; x_wconf 97' lang='lat' dir='ltr'><em>I</em></span> <span class='ocrx_word' id='word_1_326' title='bbox 1288 4723 1345 4775; x_wconf 76' lang='lat'><strong>705.</strong></span> 
     </span>
    </p>
   </div>
   <div class='ocr_carea' id='block_1_13' title="bbox 0 0 1872 5634">
    <p class='ocr_par' dir='ltr' id='par_1_13' title="bbox 0 0 1872 5634">
     <span class='ocr_line' id='line_1_38' title="bbox 0 0 1872 5634; baseline 0 0"><span class='ocrx_word' id='word_1_327' title='bbox 0 0 1872 5634; x_wconf 95' lang='lat' dir='ltr'><strong> </strong></span> 
     </span>
    </p>
   </div>
  </div>
 </body>
</html>
