3709 5634
776 631 914 681 slavus
935 632 980 681 ιν.
1389 616 1450 683 125

819 787 851 851 a.
875 787 935 871 (3.)

392 906 425 954 ει
446 905 560 953 Panna
582 906 704 953 τιιινιι
727 906 795 953 naa
816 906 938 952 νοιινιτ
960 905 1069 953 οννιτ
1091 904 1205 954 nu1vs
1227 906 1251 952 λ
1265 906 1379 953 asian
1401 906 1449 953 m-

307 1006 376 1053 nan
398 1006 498 1056 asso.
588 1036 590 1041 ,
1352 994 1362 1015 ⁴

393 1210 508 1277 Cicero
535 1210 677 1299 Philipp.
700 1212 735 1279 II
762 1212 820 1295 28,
848 1110 900 1276 639..
936 1210 1050 1277 ‘Illam
1078 1195 1172 1277 suam
1200 1234 1277 1278 suas
1303 1235 1355 1278 res
1384 1212 1450 1279 sibi

305 1312 430 1379 habere
461 1312 573 1379 iussit:
609 1336 657 1378 ex
689 1314 900 1379 duodecim
933 1313 1088 1379 tabulis
1118 1312 1256 1379 claues
1282 1314 1448 1397 ademit,

306 1414 455 1499 exegit.
485 1436 584 1501 quam
605 1438 702 1502 porro
726 1424 893 1503 spectatus
916 1415 1014 1496 ciuis,
1038 1437 1135 1501 quam
1156 1416 1332 1501 probatus!
1356 1415 1448 1481 cuius
1558 1492 1563 1499 ‚

305 1538 349 1580 ex
371 1517 458 1581 omni
478 1516 549 1581 uita
562 1516 652 1585 ¹nihil
674 1528 724 1583 est
745 1518 912 1584 honestius
934 1539 1033 1603 quam
1048 1516 1136 1610 quod
1156 1539 1231 1581 eum
1250 1518 1351 1584 mima
1370 1518 1450 1583 fecit

306 1617 500 1683 diuortium'
526 1618 585 1705 (id.
607 1640 660 1706 ap.
683 1619 823 1685 Nonium
846 1640 878 1705 p.
902 1618 966 1683 290
986 1642 1019 1683 ιι.
1041 1619 1199 1704 exigere).

308 1910 454 1964 δείξαντα(
472 1909 615 1976 πρότερον
639 1908 725 1963 πέντε
748 1908 861 1975 coopto
883 1913 945 1961 τοῖε
961 1909 1073 1973 έγγιετα
1095 1882 1215 1975 οἰκοιλει,
1238 1908 1288 1961 ἐὰν
1310 1907 1449 1963 κάκείνοις

305 1995 435 2062 τυνδοκῇ.

374 2100 398 2148 2.
416 2098 552 2164 leianus
569 2098 603 2152 ir.
622 2086 643 2151 t.
661 2098 686 2148 X
706 2100 719 2147 1
741 2096 849 2148 ‘Liberi
866 2101 1011 2163 parentum
1029 2101 1171 2163 potestate
1188 2096 1340 2148 liberantur
1358 2113 1467 2151 eman.

305 2183 462 2249 cipatione‚
485 2183 513 2232 id
536 2187 591 2249 est,
615 2183 639 2233 si
663 2183 845 2248 posteaquam
871 2183 1025 2247 mancipati
1051 2182 1170 2246 fuerint,
1197 2166 1448 2234 manumissi'sint.

305 2267 360 2318 Sed
382 2266 455 2318 filius
479 2267 589 2331 quidem
611 2271 654 2318 ter
677 2268 851 2333 mancipatus
874 2268 917 2318 sui
939 2268 1008 2317 iuris
1027 2266 1069 2330 fit3
1092 2267 1121 2317 id
1144 2269 1215 2318 enim
1237 2269 1284 2319 lex
1305 2268 1449 2319 duodecim

303 2353 464 2404 tabularum
481 2353 559 2404 iubet
575 2352 619 2402 his
636 2353 744 2403 uerbis:
762 2353 807 2403 ‘si
819 2390 826 2404 .
840 2391 847 2407 .
861 2356 880 2403 .’
915 2351 1002 2403 Gaius
1019 2353 1088 2403 Inst.
1107 2353 1121 2402 I
1140 2356 1188 2404 132
1206 2354 1448 2418 ‘Emancipatione

304 2438 424 2503 (quoquo
443 2438 572 2490 desinunt
589 2437 670 2488 liberi
688 2438 716 2487 in
734 2438 887 2504 potelstate
899 2435 1068 2503 parantium
1086 2453 1157 2492 esse.
1175 2437 1236 2503 sed)
1254 2438 1326 2488 filius
1339 2438 1449 2502 quidem

303 2521 401 2587 ter(tia
425 2523 532 2573 demum
555 2524 775 2595 mancipatione,
800 2522 898 2589 ceteri)
919 2538 987 2573 uero
1009 2522 1092 2573 liberi
1114 2524 1174 2573 siue
1197 2524 1344 2573 masculini
1367 2539 1449 2574 sexus

304 2609 365 2658 siue
388 2608 516 2659 feminini
538 2624 595 2658 una
615 2608 823 2675 mancipatione
846 2612 949 2659 exeunt
970 2608 1004 2657 de
1031 2609 1186 2673 parentium
1217 2612 1373 2673 potestates
1402 2609 1448 2658 lex

305 2693 380 2743 enim
402 2692 458 2743 XII
484 2696 591 2744 tantum
619 2695 649 2743 in
670 2708 789 2759 persona
813 2691 863 2743 filii
886 2692 920 2743 de
942 2692 1031 2743 tribus
1053 2692 1306 2757 mancipationibus
1328 2693 1449 2758 loquitur

305 2776 371 2842 (his)
390 2777 494 2829 uerbis:
514 2778 560 2829 ‘si
578 2816 585 2833 .
605 2820 611 2832 .
632 2782 650 2832 .’
685 2778 767 2829 Dion.
785 2778 851 2829 Hal.
869 2778 948 2827 1127
971 2776 1017 2827 καλ
1039 2775 1055 2828 ὃ
1073 2774 1194 2828 πάντων
1213 2775 1328 2839 μάλιετο
1344 2775 1448 2841 θαυμά-

303 2875 377 2913 εειεν
395 2860 430 2912 ἄν
447 2876 489 2915 τι(
505 2888 540 2900 -
557 2862 602 2913 καὶ
620 2864 707 2914 τοῦτο
725 2862 900 2927 (υνεχὼρηεε
921 2864 965 2927 τῷ
984 2861 1070 2926 πατρὶ
1088 2863 1140 2926 (sc.
1164 2860 1180 2912 ὁ
1198 2860 1352 2927 Ῥωμύλοε)
1371 2861 1448 2926 μέχρι

302 2943 401 3011 τρίτη(
426 2945 556 3011 πράεεωε
579 2945 634 3011 ἀφ’
651 2945 715 2999 υἱοῦ
739 2944 966 3012 χρημοτίταεθαι,
991 2943 1105 3009 μείζονα
1126 2943 1193 2996 ooli(
1215 2943 1340 2998 έξουελαν
1361 2946 1448 3011 πατρὶ

304 3029 377 3082 κατὰ
394 3029 493 3083 παιδὸς
511 3031 529 3095 ἢ
548 3030 670 3097 δεεπότῃ
688 3030 761 3083 κατὰ
778 3030 890 3083 δούλου.
906 3058 942 3067 -
958 3059 993 3069 -
1009 3059 1039 3067 -
1059 3031 1165 3081 τοῦτον
1181 3029 1234 3082 τὸν
1252 3031 1341 3094 νόμον
1353 3030 1384 3082 ἐν
1401 3029 1462 3095 οὶρ-4

298 3118 365 3180 γαῑε
384 3114 434 3179 μέν
452 3114 479 3167 οἱ
497 3116 614 3179 βαειλεῑτ
631 3114 794 3181 ἐφύλαττον
816 3114 874 3169 εἴτε
890 3113 1084 3181 γεγραμμένον
1102 3113 1159 3167 εἴτε
1177 3114 1318 3180 ἄγραφον·
1341 3115 1375 3167 od
1393 3115 1447 3181 γὰρ

302 3198 360 3264 ἔχω
383 3199 419 3251 τὸ
442 3198 528 3264 εαφὲ(
551 3198 654 3253 εἰπεῖν·
677 3200 816 3252 ἁπάντων
844 3200 992 3265 κράτιετον
1013 3198 1169 3263 ἡγούμενοι
1190 3200 1290 3263 νόμον.
1329 3201 1445 3252 καταλω

304 3282 396 3350 θείεηε
414 3283 445 3336 δὲ
461 3287 513 3349 τῆς
534 3283 686 3351 μοναρχία(
703 3286 753 3337 ὅτε
771 3287 888 3350 πρῶτον
905 3283 998 3351 ἐφάνη
1017 3282 1163 3349 Ῥωμαίοις
1181 3283 1290 3337 πάντα(
1308 3284 1377 3337 τοὺ(
1395 3300 1447 3338 πα·
1504 3308 1507 3312 ·

302 3366 397 3434 τρλουτ
415 3367 543 3433 ἑθιτμούε
560 3384 593 3422 τε
610 3370 656 3421 καὶ
674 3370 778 3434 νόμους
797 3369 853 3434 ἅμα
870 3372 931 3421 τοι(
949 3368 1120 3421 ἔπειτάκτοιε
1138 3368 1169 3421 έν
1186 3368 1275 3437 ἀγορᾷ
1292 3371 1381 3421 θεῖναι
1393 3385 1446 3434 φα·

302 3452 403 3519 νεροὺ(
421 3452 506 3506 duaci
523 3458 583 3506 τοῖε
601 3452 742 3520 πολίταις,
760 3453 808 3506 ἵνα
827 3454 863 3518 μὴ
882 3452 1097 3521 ενμμεταπίπτῃ
1120 3454 1157 3506 τὰ
1180 3453 1260 3506 κοινὰ
1277 3451 1367 3506 δίκαιοι
1384 3458 1446 3506 ταῖς

301 3540 363 3589 τῶν
381 3536 531 3603 ἀρχόντων
549 3537 695 3605 έξονείαιε,
714 3538 741 3592 οἱ
758 3538 893 3602 λαβόντε(
911 3539 989 3605 παρὰ
1006 3542 1058 3591 τοῦ
1076 3539 1167 3605 δήμου
1184 3540 1240 3605 τὴν
1257 3537 1382 3592 ἐξουελαν
1394 3542 1446 3605 τῆ(

302 3625 468 3689 (υναγωγήε
485 3638 519 3676 τε
536 3624 582 3676 καὶ
600 3623 758 3689 ἐπιγραφῆς
782 3624 879 3676 αὐτῶν
901 3622 969 3677 δέκα
986 3624 1086 3690 ἄνδρες
1109 3624 1166 3688 ἅμα
1182 3628 1246 3676 coit
1267 3623 1362 3675 ἄλλοι(
1384 3622 1446 3675 ἀνέ-

301 3722 415 3773 γραψαν
433 3707 540 3772 νόμοις.
570 3708 616 3759 καὶ
633 3707 707 3760 έετιν
724 3708 755 3761 έν
772 3712 812 3775 τῇ
830 3708 989 3774 τετάρτῃ
1000 3713 1062 3761 τῶν
1080 3709 1241 3774 λεγομένων
1259 3708 1369 3760 δώδεκα
1386 3709 1445 3760 δέλ-

301 3808 363 3845 των
385 3792 417 3846 dc
436 3794 574 3862 ἀνέθηεαν
595 3792 733 3859 έν-ἀγορᾷ
756 3795 815 3845 κτλ.
849 3794 938 3846 Gaius
959 3798 1028 3847 Inst.
1046 3797 1085 3847 IV
1102 3799 1135 3847 79
1158 3796 1237 3845 ‘Cum
1258 3801 1351 3846 autem
1372 3794 1446 3846 filius

302 3880 425 3931 familias
449 3898 482 3932 ex
505 3882 599 3933 noxali
626 3896 713 3933 causa
734 3882 875 3947 mancipio
903 3882 997 3942 datur,
1021 3882 1149 3931 diuersae
1178 3880 1291 3931 scholae
1318 3885 1445 3931 auctores

302 3969 403 4029 putant
419 3970 462 4016 ter
480 3982 541 4017 eum
558 3968 697 4032 mancipio
715 3966 776 4018 dari
793 3968 908 4033 debere,
927 3953 993 4032 qnia
1012 3967 1074 4032 loge
1092 3967 1146 4017 XII
1158 3966 1315 4017 tabularum
1334 3969 1444 4015 cautum

302 4050 340 4099 sit
358 4048 404 4114 (ne
422 4050 494 4101 filius
513 4052 546 4103 de
564 4056 704 4119 potestate
722 4053 810 4119 patris
829 4051 920 4117 aliter)
941 4057 1023 4103 exeat
1041 4067 1121 4117 quam
1139 4053 1164 4102 si
1181 4056 1223 4101 ter
1240 4051 1351 4119 fn(er)it
1368 4069 1443 4103 man·

302 4134 423 4200 cipatus’
442 4151 466 4189 ο.
486 4150 513 4201 q.
532 4152 554 4188 s.
590 4139 626 4189 cf.
645 4138 714 4191 lust.
731 4138 799 4191 Inst.
817 4138 831 4188 I
849 4140 890 4201 12,
909 4138 935 4189 6.
970 4138 1032 4191 Gai.
1052 4137 1118 4218 opit.
1139 4139 1162 4199 1,
1181 4140 1197 4188 6
1215 4139 1230 4201 ἕ
1249 4142 1273 4189 3.

302 4286 505 4300 Ἣ

387 4410 416 4471 2.
439 4428 537 4471 uenum
553 4412 631 4473 duuit
646 4414 776 4473 Guiecius
791 4421 848 4472 nol.
866 4418 905 4474 ad
923 4415 986 4489 etp.
1002 4417 1020 4473 l.
1032 4418 1060 4483 1.,
1077 4412 1261 4474 Huselsln’us:
1276 4414 1445 4474 uenandauit

306 4495 369 4570 lup.
390 4502 452 4555 eod.
477 4500 539 4556 Vct.
579 4500 746 4558 uennndsbit
766 4502 920 4565 ¹Turnebus
941 4504 1011 4573 Ado.
1037 4506 1069 4569 7,
1093 4508 1137 4558 21.
1168 4506 1217 4574 13,
1240 4506 1279 4558 26
1300 4503 1444 4573 probante

299 4584 487 4666 lachmanno
507 4589 537 4642 in
552 4586 626 4643 Ann.
649 4592 750 4644 scient.
772 4588 827 4645 tur.
844 4588 909 4644 hist.
926 4588 973 4643 IX
988 4591 1042 4643 198
1065 4576 1236 4660 Boeclcinpio
1258 4586 1385 4643 Valleno
1406 4589 1446 4644 ccl

305 4669 368 4743 Ulp.
386 4670 404 4725 l.
428 4672 588 4728 uenumduit
604 4674 643 4731 al.
713 4667 788 4749 esto]
806 4666 822 4726 ἔ
843 4673 905 4729 Vct.
965 4681 1008 4729 ter
1025 4703 1060 4712 —
1078 4681 1224 4747 petreum.
1243 4673 1298 4729 Gai
1311 4674 1391 4733 liber.
