3709 5634
350 679 354 686 ,
414 613 458 676 40
839 621 951 668 carun
974 617 1139 671 rnnrrvn.

415 791 484 849 oiim
511 785 629 860 qnidam
650 791 827 857 quantam
852 780 901 840 ad
925 782 1044 852 ieaem
1065 776 1148 836 XII
1172 776 1390 838 tabularum
1411 778 1565 852 attinet,
1656 841 1658 846 ,

379 906 384 913 ’
416 893 505 952 etiam
517 888 652 961 feminae
666 890 793 959 aqnatas
813 882 963 942 habebant
981 883 1111 941 tatares'
1125 897 1192 940 non
1215 873 1377 941 contineri
1399 875 1567 962 peculiare

315 1037 318 1045 .
415 994 628 1075 praeceptum
644 1005 703 1047 suo
724 982 855 1068 quidem
876 981 947 1044 iure
970 979 1153 1045 contendit:
1177 985 1248 1041 tum
1269 999 1384 1063 parum
1401 987 1477 1064 apte
1492 1001 1567 1043 eum

417 1091 461 1156 ad
476 1093 496 1171 ἕ
514 1087 574 1153 155
589 1090 712 1162 ‘tinibus
726 1086 896 1147 testamenti)
911 1087 1031 1162 qnidam
1046 1092 1125 1146 tator
1139 1086 1227 1158 datas
1242 1101 1301 1160 nan
1316 1086 1368 1158 sit,
1390 1087 1432 1144 ais
1446 1101 1487 1144 ece
1502 1087 1568 1160 leae

416 1197 489 1258 XII
505 1196 612 1270 agnati
631 1198 700 1252 sant
721 1197 829 1251 tutores
856 1193 909 1264 qai
928 1188 1072 1248 vacanter
1100 1181 1272 1270 legitimiss)
1295 1183 1465 1249 revocavit
1485 1185 1568 1249 miro

342 1280 346 1286 ⁵
418 1294 515 1361 modo
537 1295 783 1378 argumentatus
803 1287 912 1354 videri
931 1287 966 1350 in
987 1287 1052 1352 ista
1074 1287 1148 1372 lege
1170 1285 1217 1370 (V
1232 1286 1266 1371 6)
1293 1293 1425 1373 praeter
1449 1283 1569 1385 pupilli

417 1395 581 1486 pupillae
596 1414 724 1480 quoque
740 1391 938 1456 mentionem
953 1389 1056 1455 fuisse
1078 1411 1215 1474 eamque
1239 1411 1282 1452 ex
1301 1389 1484 1474 posteriore
1505 1410 1570 1453 usu
1665 1420 1667 1425 ·

419 1501 459 1566 de
475 1498 626 1566 omnibus
642 1495 775 1560 feminis
791 1517 876 1582 quae
891 1501 999 1557 tutore
1010 1501 1144 1577 egerent
1156 1513 1229 1556 esse
1242 1499 1409 1576 acceptam
1422 1490 1468 1578 (p.
1478 1490 1569 1577 306).

324 1632 327 1636 ⁴
418 1605 464 1668 At
480 1601 507 1665 si
523 1594 675 1666 conferas
691 1597 767 1662 Gai.
780 1596 816 1662 II
830 1596 872 1660 47
889 1599 976 1659 ‘Item
993 1597 1068 1679 [res]
1086 1599 1259 1657 mulieris
1279 1599 1425 1672 quaein
1441 1613 1570 1672 aqna-

419 1718 539 1771 taram
560 1708 677 1766 tutela
701 1710 799 1773 erat,
821 1719 870 1762 ms
885 1703 1020 1781 mancipi
1038 1718 1094 1761 asa
1115 1703 1187 1776 capi
1200 1717 1259 1760 nan
1270 1707 1412 1775 poterant
1425 1705 1570 1774 praeim-

299 1840 303 1844 “
418 1814 551 1890 quamsi
563 1810 682 1883 abipsa
697 1813 792 1867 intare
808 1808 959 1880 (anctore)
979 1803 1111 1864 traditae
1125 1811 1237 1864 essent:
1257 1813 1285 1863 et
1299 1805 1341 1863 ita
1356 1806 1420 1878 leae
1434 1802 1507 1862 XII
1518 1808 1570 1862 ta-

420 1919 561 1979 amaram
575 1921 695 1972 santam
710 1913 811 1970 erat':
831 1903 907 1981 hinc
929 1902 1038 1989 potius
1059 1910 1151 1988 patet
1173 1901 1255 1966 illud
1278 1900 1468 1967 conclusum
1484 1923 1569 1966 esse.

303 2084 306 2089 ⁴
376 2079 378 2082 ⁴
414 2011 593 2089 Contraria
609 2009 677 2072 fere
694 2017 745 2071 est
759 2006 843 2071 ratio
859 2005 952 2069 1164
968 2011 1031 2069 ‘Ea
1043 2009 1159 2092 dimerso
1177 2015 1308 2092 annates
1319 2007 1433 2081 furiosi
1445 2017 1571 2068 carator

420 2139 469 2181 res
481 2119 595 2192 furiosi
615 2117 751 2174 alienare
765 2108 916 2190 patest'ex
936 2115 1002 2186 leae
1017 2111 1086 2171 XII
1101 2111 1305 2170 tabalnrnm':
1325 2106 1361 2170 id
1382 2106 1470 2192 quod
1491 2128 1570 2172 vere
1691 2165 1692 2168 ,

421 2217 540 2284 statuit
554 2213 790 2300 Dirksenus‘p.
806 2212 868 2278 308
885 2228 927 2276 ex
943 2209 1013 2275 sola
1027 2209 1298 2297 interpretatione
1313 2209 1396 2294 legis
1413 2208 1454 2274 de
1470 2230 1570 2294 agna-

420 2331 491 2386 tum
512 2315 750 2404 gentiliumque
770 2317 805 2379 in
825 2314 951 2398 'furioso
974 2313 1108 2399 eiusque
1130 2313 1269 2400 pecunia
1288 2321 1452 2399 potestate
1474 2311 1519 2396 (V
1535 2311 1569 2397 7)
1642 2324 1644 2328 ’

340 2447 375 2470 ··
421 2420 598 2510 proficisci.

506 2525 579 2589 Iam
598 2543 678 2587 vero
706 2521 776 2585 sine
790 2519 858 2584 ulla
881 2516 1002 2585 islonea
1023 2540 1140 2582 caussa
1160 2517 1350 2602 Dirksenus
1372 2539 1415 2582 ex
1434 2515 1570 2603 Ulpiani
1607 2529 1609 2536 '

359 2623 366 2706 ¹,
423 2625 609 2692 testimonio
624 2624 668 2688 D.
680 2624 712 2705 2,
728 2623 776 2704 14,
790 2624 808 2687 7
825 2625 845 2703 ξ
860 2622 900 2686 14
914 2626 1004 2686 ‘Nam
1019 2636 1048 2687 at
1062 2628 1099 2686 aie
1110 2611 1197 2699 farta
1209 2627 1327 2702 pacisci
1340 2627 1402 2684 iem
1411 2625 1569 2699 permiitit’

366 2722 369 2726 ¹
422 2728 495 2796 coll.
509 2728 590 2794 Ood.
604 2727 635 2809 6,
648 2727 680 2809 2,
695 2727 734 2791 13
749 2730 830 2789 ‘Post
845 2729 1021 2790 decisionem
1033 2729 1116 2802 fmti
1127 2733 1228 2804 leges
1242 2729 1296 2802 aai
1307 2727 1481 2802 probibent’
1497 2743 1570 2808 pro-

422 2829 531 2920 prium
547 2815 591 2896 de
603 2829 683 2896 furti
704 2829 809 2916 pactis
833 2827 977 2894 edictum
993 2827 1115 2909 effecit,
1138 2825 1327 2914 quod'adeo
1349 2847 1369 2890 a
1390 2823 1508 2892 ceteris
1531 2823 1571 2890 de

302 2962 308 2967 ·
422 2936 512 2999 furto
535 2935 668 3000 statutis
688 2933 723 2996 in
744 2942 895 2998 octavam
916 2929 1063 2996 tabulam
1085 2926 1242 2996 coniectis
1265 2927 1454 3014 segregavit
1474 2935 1509 2991 et
1529 2926 1571 2992 ad

423 3036 561 3102 alteram
581 3021 736 3100 tabulam*
757 3032 927 3109 transtulit
948 3056 1014 3099 non
1038 3032 1103 3098 alio
1128 3032 1343 3112 fundamento
1369 3030 1480 3112 nisus,
1506 3029 1571 3094 nisi
1598 3065 1599 3070 κ

423 3139 501 3224 quia
516 3146 549 3210 et
559 3137 670 3203 Labeo
687 3138 721 3200 in
732 3136 816 3202 libro
834 3135 874 3200 dc
887 3135 959 3220 XII
969 3135 1091 3200 tabulis
1108 3133 1286 3200 secundo
1303 3133 1391 3198 acria
1406 3141 1438 3197 et
1453 3153 1569 3206 severa

424 3238 556 3304 iudicia¹
578 3239 619 3303 de
648 3239 746 3302 furtis
776 3238 891 3302 habita
916 3259 989 3302 esse
1015 3237 1104 3324 apud
1129 3247 1257 3304 veteres
1284 3235 1441 3302 scriberet
1467 3233 1569 3320 (Gall.

319 3340 322 3343 ‘
425 3341 476 3406 VI
494 3342 547 3425 15)
565 3349 598 3404 et
614 3340 719 3405 Gaius
734 3340 912 3425 inprime
928 3338 1013 3405 libro
1030 3340 1072 3404 ad
1092 3339 1199 3426 legem
1214 3338 1285 3404 XII
1308 3338 1497 3406 tabularum
1512 3348 1572 3404 ‘eas

425 3447 616 3523 quietiores
629 3454 658 3506 at
673 3448 803 3506 maxime
817 3447 889 3505 nites
902 3448 1080 3520 ceciderint,
1096 3450 1184 3508 etiam
1200 3453 1351 3521 tamqnam
1366 3449 1498 3506 latrones
1507 3463 1572 3522 pa-

425 3551 504 3610 niri’
524 3545 664 3608 referret
687 3543 744 3629 (D.
759 3544 818 3625 47,
835 3544 874 3624 7,
889 3543 910 3606 2
926 3543 968 3624 οξ.
985 3545 1020 3633 4)
1033 3545 1232 3632 ibidemque
1251 3543 1308 3608 teli
1329 3545 1496 3610 notionem
1517 3568 1571 3610 ex·

326 3685 329 3691 ·
425 3647 575 3736 planaret
591 3647 648 3733 (D.
664 3647 717 3730 50,
736 3646 786 3730 16,
802 3647 895 3730 233);
918 3669 992 3711 cum
1013 3645 1106 3717 illum
1127 3646 1291 3733 singulas,
1306 3648 1393 3712 hunc
1413 3647 1509 3714 binas
1525 3657 1572 3714 ta·

426 3750 521 3818 bulas
534 3749 675 3835 'singulis
690 3749 784 3816 libris
808 3751 1058 3837 interpretatum
1078 3773 1150 3816 esse
1171 3751 1236 3818 sibi
1257 3759 1402 3816 sumeret
1416 3773 1491 3816 cum
1506 3749 1571 3816 Go-

419 3847 580 3920 'thofredo
611 3849 742 3940 (p.1'13
768 3855 867 3940 sqq.).
913 3851 1006 3934 Quae
1033 3875 1132 3940 quam
1158 3854 1224 3918 sint
1248 3851 1394 3936 infirma,
1420 3845 1571 3940 pluribus

428 3957 652 4022 demonstrare
667 3950 807 4019 otiosum
827 3955 938 4020 fuerit.
976 3953 1116 4019 Omnino
1138 3965 1247 4021 autem
1263 3955 1420 4021 credibile
1441 3964 1572 4020 nonest

426 4058 533 4146 pactis
550 4057 695 4123 defunto
711 4056 870 4142 singulari
884 4066 1060 4143 praecepto
1076 4066 1285 4145 prospectum
1306 4058 1409 4123 fuisse
1429 4058 1463 4121 in
1479 4055 1580 4141 lego:·

426 4160 486 4225 ubi
500 4159 646 4226 breviter
661 4159 766 4225 soleat
779 4159 894 4224 inseri:
912 4167 987 4223 ‘rem
1003 4164 1064 4223 niti
1080 4171 1225 4240 paannt
1237 4171 1353 4225 arata.
1380 4165 1573 4239 nipacant

497 4434 517 4498 ¹)
539 4437 620 4486 Hunc
637 4452 739 4487 morem
757 4453 811 4486 non
831 4454 864 4487 ex
883 4437 945 4502 lege
964 4437 1071 4487 demum
1094 4436 1245 4502 proficisci,
1270 4438 1318 4488 sed
1342 4453 1377 4488 ex
1393 4437 1456 4502 ipsa
1473 4441 1572 4486 natura

428 4521 550 4586 ipsisque
573 4523 700 4572 familiae
724 4524 879 4573 rationibus
902 4524 949 4574 vix
973 4526 1016 4572 est
1040 4521 1111 4586 quod
1134 4537 1269 4574 moneam.
1305 4523 1341 4572 cf,
1365 4522 1473 4588 Sigism.
1493 4521 1571 4573 Szul·

428 4598 595 4672 drzyirskius
613 4608 646 4657 de
665 4609 732 4672 orig.
753 4626 786 4659 ac
800 4603 956 4674 'progressu
978 4607 1085 4658 tutelae
1109 4607 1250 4659 muliebris
1274 4623 1344 4672 quae
1368 4625 1412 4674 ap,
1430 4607 1506 4658 Rom.
1526 4607 1571 4659 ob·

356 4725 361 4734 ,
428 4691 512 4742 tinnit
528 4691 619 4743 Berol.
640 4694 706 4746 1853
724 4712 749 4760 p.
771 4698 802 4746 13
821 4709 880 4758 sqq.
992 4721 998 4728 ,
1353 4702 1356 4707 '
