3709 5634
438 646 486 693 na
508 647 560 693 x11
583 646 797 696 rsavnsavn
819 648 997 709 aaarovns
1020 651 1265 702 oonnlonunrs.
1382 632 1424 703 63

365 804 554 865 “Viuesunt
576 804 765 882 republicae
789 814 818 867 et
837 799 995 883 privatae:
1018 810 1172 885 publicae,
1195 828 1255 887 per
1279 828 1356 886 quos
1378 816 1425 873 tre

280 898 415 967 omnibus
429 908 509 981 licet,
521 910 677 983 priuatae,
694 910 799 984 quihus
813 914 959 971 neminem
974 914 1019 983 uti
1033 914 1165 989 (tuaest)
1179 919 1304 988 praem
1322 930 1424 975 eorum

215 1048 217 1055 >
279 1024 406 1083 cunum
425 1010 668 1088 trutmoniae).
703 1012 744 1072 Et
766 1013 823 1073 boe
845 1013 927 1073 VIII
936 1014 1032 1089 pedes
1052 1017 1087 1074 tr
1106 1016 1264 1077 latitudine
1283 1017 1424 1094 (tutent)

280 1112 347 1172 ture
362 1117 393 1172 et
405 1114 484 1187 lece:
494 1112 637 1189 publicae
650 1121 793 1189 quantum
813 1117 892 1175 ratio
912 1118 1048 1177 utilitates
1064 1119 1217 1192 permitte.
1248 1122 1288 1179 nt
1300 1122 1343 1179 r'tc
1354 1123 1425 1196 prr·-

279 1219 369 1297 υαιαεΙ
382 1214 477 1291 (triae)
492 1214 638 1276 lex-tebet
650 1216 685 1275 Χ
691 1216 736 1277 VI
748 1218 794 1291 (tn
809 1218 960 1293 anfracto
970 1222 1129 1295 flabraque
1142 1219 1235 1295 pedes
1247 1238 1320 1282 esre.
1355 1222 1426 1282 tuas
1474 1283 1477 1287 ,

280 1318 440 1395 (undem)
456 1318 578 1393 quibua
592 1320 687 1379 uerbis
700 1323 814 1403 muniri
828 1322 918 1392 iubet,
936 1322 1074 1398 publicus
1096 1324 1182 1400 dicit)
1190 1346 1200 1383 .·
1230 1307 1329 1383 Viam
1345 1325 1421 1384 mu-

281 1423 429 1481 niunto:
450 1424 489 1481 nt
501 1438 577 1481 sam
593 1423 891 1499 delapidcssiat,
907 1442 980 1498 quc
995 1428 1090 1484 uolet
1103 1407 1401 1500 iumentc'aar'to!

365 1522 687 1598 ‘Amsecetes'autem
702 1522 916 1605 nominativo,
932 1524 989 1609 qui
1003 1544 1044 1587 ne
1059 1546 1101 1588 ex
1120 1546 1184 1587 usu
1197 1524 1328 1609 quidem
1343 1526 1425 1609 legis

282 1629 346 1703 est,
363 1621 465 1687 tutius
482 1623 681 1689 carebimus:
699 1646 773 1688 cum
794 1646 898 1711 neque
920 1625 961 1689 de
981 1626 1089 1690 forma
1107 1647 1212 1711 neque
1234 1625 1274 1691 de
1294 1627 1425 1691 notione

282 1724 351 1788 eius
368 1724 523 1791 vocabuli
539 1726 619 1790 satis
637 1736 779 1792 constet:
795 1727 838 1790 of.
857 1724 1024 1792 diversam
1039 1725 1164 1791 aPauli
1175 1726 1425 1813 explicationem

282 1828 315 1890 in
337 1826 508 1892 Thesauro
529 1850 615 1893 novo
641 1828 750 1893 Latin.
777 1828 829 1893 ed.
849 1827 917 1893 Mai
946 1828 1067 1913 (Class.
1094 1838 1179 1893 auct.
1201 1828 1289 1894 VIII
1314 1854 1346 1917 p.
1368 1832 1424 1918 49)

285 1933 464 2007 ‘Amaraetcs
478 1942 697 2011 seueresprope
711 1938 812 1995 ctam?

365 2032 524 2096 Eiusdem
539 2032 733 2098 Mommseni
747 2033 906 2098 beneficio
922 2033 1046 2098 factum
1061 2045 1122 2117 est,
1138 2044 1175 2100 ut
1190 2033 1280 2099 aliud
1295 2057 1423 2122 quoque

282 2134 381 2199 decus
398 2134 455 2199 diu
470 2133 618 2201 debitum
630 2134 701 2199 XII
716 2134 837 2200 tabulis
853 2134 987 2200 tandem
1001 2134 1205 2202 redderetur.
1223 2138 1354 2202 Etenim
1369 2138 1426 2203 vix

282 2235 440 2303 credibile
456 2244 507 2301 ost
523 2259 565 2301 ax
581 2237 732 2305 omnibus
741 2286 751 2321 ,
772 2237 956 2325 quicunque
975 2240 1010 2302 in
1025 2237 1218 2324 fragmentis
1239 2237 1321 2324 legis
1337 2238 1425 2305 colli·

281 2339 399 2424 gendis
416 2338 640 2423 elaborarunt,
656 2341 819 2405 neminem
834 2362 929 2405 usum
945 2362 1018 2405 esse
1030 2340 1197 2406 Ciceronis
1212 2341 1322 2408 verbis
1337 2342 1427 2405 hisce

285 2441 327 2507 ad
342 2442 415 2509 Att.
432 2440 483 2506 VI
499 2443 527 2520 1,
543 2443 563 2507 8
579 2446 608 2507 ‘e
622 2448 728 2521 quitus
741 2434 800 2529 (sc.
818 2443 859 2508 de
874 2441 1062 2529 republicae
1077 2442 1186 2530 libris)
1202 2464 1293 2507 anum
1312 2444 1426 2523 icropt·

280 2546 337 2611 κόν
358 2550 488 2623 requiris
508 2548 545 2607 de
569 2549 618 2608 Cn.
636 2550 743 2610 Flauio
757 2551 838 2609 Anat
855 2550 882 2622 f.
921 2550 980 2609 Ille
995 2566 1065 2609 vero
1084 2556 1177 2610 unte
1198 2552 1428 2611 decemuiros

280 2668 339 2711 rrort
352 2650 430 2725 suit,
447 2653 557 2727 quippe
572 2654 625 2727 qus
637 2654 746 2713 aedilis
760 2655 874 2713 curulis
891 2651 990 2725 suerii
1003 2683 1044 2695 —
1058 2655 1111 2726 qut·
1122 2656 1317 2726 munirentur
1330 2657 1428 2713 multis

280 2756 370 2813 renuis
383 2762 451 2829 post
470 2754 649 2814 decemuros
671 2756 819 2815 institutus
841 2760 892 2815 est.
919 2750 997 2825 Ouid
1015 2770 1087 2829 erac
1095 2754 1233 2831 profecit
1250 2758 1331 2830 quod
1346 2773 1423 2831 pro·
1523 2744 1527 2750 ’

282 2852 510 2929 tulitsustos?
549 2856 783 2917 occultatum
797 2864 939 2933 pectunt
958 2859 1114 2932 quodum
1136 2865 1298 2934 tempore
1316 2860 1425 2918 istum

281 2942 460 3032 tabulam,
476 2965 509 3019 ut
523 2960 587 3019 dies
604 2960 717 3033 arcadi
732 2965 906 3035 peterentur
917 2976 938 3017 a
952 2962 1060 3035 paucis
1072 2953 1224 3040 (patriciis
1234 2956 1425 3037 nommar.

282 3058 456 3123 Fastorum
482 3057 583 3143 igitur
604 3058 681 3122 anni
701 3057 843 3123 Romani
864 3056 979 3121 tabula
997 3057 1032 3120 in
1052 3057 1124 3122 XII
1143 3056 1247 3123 relata
1265 3058 1424 3142 luerat¹):

281 3182 363 3245 quos
387 3168 471 3225 teste
486 3160 655 3226 Macrobio
672 3158 741 3225 Sat.
758 3160 776 3223 I
792 3161 847 3242 13,
863 3159 904 3225 21
925 3164 1107 3224 ξΤιιαὶιανιοιε
1125 3164 1224 3238 refert
1243 3166 1321 3225 turo
1341 3168 1438 3240 tertio

245 3332 246 3337 .
282 3269 510 3341 immac-aruum
531 3268 710 3328 decemviros
731 3269 796 3341 qut
818 3266 940 3327 decem
968 3268 1109 3327 tabulr's
1133 3269 1230 3327 duas
1255 3253 1448 3327 addida?
1537 3295 1539 3298 ·

281 3376 384 3443 ruat,
401 3370 439 3429 de
453 3368 662 3431 intercalando
671 3372 817 3445 pupulum
831 3384 972 3457 recussa·
987 3369 1106 3431 Cassius
1120 3371 1236 3431 eosdem
1250 3372 1352 3431 scribit
1365 3388 1426 3430 cau

282 3478 395 3533 ctores'
417 3488 484 3533 non
504 3467 673 3533 dubitabis
694 3467 748 3533 vel
767 3469 961 3533 undecimae
982 3466 1036 3534 vel
1056 3457 1269 3534 duodecimae
1294 3469 1427 3535 tabulae
1531 3483 1533 3493 ’

283 3571 501 3657 assignare²):
524 3590 722 3657 quamquam
740 3570 846 3655 ipsam
862 3569 902 3635 ds
916 3570 1141 3636 intercalando
1156 3571 1263 3657 legem
1278 3572 1427 3637 alterutri

283 3784 449 3847 gemmato
468 3778 698 3847 quidem'formas
712 3777 781 3830 istas
799 3779 952 3845 antiquitus
969 3779 1090 3831 caruisse
1108 3784 1140 3829 nt
1159 3783 1313 3830 statuamus
1331 3784 1425 3831 ‘suna’

283 3867 374 3917 innuit
390 3852 472 3917 vetus
490 3865 631 3917 ablativus
649 3868 715 3916 ‘stc'
739 3865 893 3931 explicatus
916 3882 934 3915 a
951 3864 1086 3915 Messalla
1105 3880 1148 3929 ap.
1167 3866 1244 3917 Fest.
1266 3882 1292 3931 p.
1311 3866 1359 3916 361
1379 3870 1426 3930 qui
1488 3935 1490 3938 Ι

285 3951 417 4006 finitimus
435 3954 477 4002 est
495 3966 559 4001 osco
578 3952 670 4011 ‘suain
689 3951 784 4002 umbro
803 3954 884 4008 ἐπ’,
903 3951 921 3999 i.
942 3967 966 4000 e.
984 3953 1018 4013 si.¹
1050 3974 1053 3977 ·

351 4035 372 4100 ¹)
401 4036 510 4087 Dudum
534 4052 568 4086 ea
592 4036 625 4085 de
648 4052 678 4085 re
704 4038 810 4087 monuit
833 4034 991 4100 Onupbrius
1013 4035 1165 4108 Panvinius
1189 4035 1372 4086 Commentar.
1397 4037 1425 4085 in

284 4123 348 4174 last.
368 4122 387 4176 l.
405 4123 419 4172 I
437 4139 461 4187 p.
480 4124 505 4172 4.
530 4122 594 4177 Ant.
612 4122 782 4188 Augustinus
802 4120 837 4171 al.
853 4120 991 4187 immerito
1007 4120 1124 4171 refutati
1143 4137 1160 4170 a
1171 4121 1314 4171 Vaasseno
1332 4119 1425 4169 Anim-

285 4209 366 4261 advv.
386 4206 421 4257 ad
439 4208 505 4261 fast.
523 4222 548 4272 p.
567 4208 600 4259 ’19
618 4222 676 4273 sqq.
1188 4212 1192 4217 '

351 4292 372 4359 ²)
394 4294 429 4343 ct.
448 4293 632 4345 Mommssnus
651 4292 780 4345 Chronol.
798 4308 864 4343 rom.
884 4308 910 4357 p.
923 4295 957 4343 30
969 4308 1009 4342 n.:
1029 4293 1076 4357 qui
1093 4296 1187 4342 tamen
1205 4306 1266 4358 cum
1284 4290 1336 4341 bas
1353 4290 1424 4341 duas

285 4379 396 4429 tabulas
416 4382 524 4429 statuat
542 4379 634 4431 omnia
653 4378 894 4445 comprehendisse
914 4392 985 4442 quae
1007 4392 1062 4428 non
1085 4377 1121 4427 ad
1144 4378 1197 4428 fori
1219 4378 1345 4431 actiones
1363 4392 1425 4443 per·

285 4464 421 4529 fluerent,
446 4464 548 4516 oblitus
571 4464 705 4529 estquod
724 4463 822 4517 Cicero
846 4466 968 4514 testatur
989 4466 1142 4528 praecepta
1164 4463 1198 4513 de
1224 4463 1368 4513 funeribus
1392 4478 1425 4513 ac

285 4550 420 4616 sepulcrm
444 4551 474 4601 in
496 4548 628 4601 decima
651 4550 749 4600 tabula
772 4549 858 4600 fuisse
881 4548 1037 4614 perscripta
1060 4548 1104 4611 (de
1122 4548 1176 4614 leg.
1194 4548 1283 4610 1126,
1301 4545 1354 4611 64).
1390 4550 1426 4598 At

285 4634 345 4701 ipsa
364 4636 499 4687 fastorum
517 4637 701 4703 promulgatio
719 4636 792 4687 haud
811 4635 894 4685 dubie
913 4634 1018 4684 lorensi
1035 4635 1098 4684 usui
1116 4635 1266 4700 praecipue
1284 4633 1425 4686 destinata

286 4720 346 4772 tuit.
383 4721 420 4773 cl.
439 4722 537 4773 Livius
555 4723 595 4773 IX
611 4723 654 4787 46,
673 4724 697 4772 5.
729 4720 827 4773 Cicero
846 4738 872 4787 p.
892 4720 1009 4771 Murena
1028 4723 1068 4780 11,
1086 4722 1127 4775 25.
