3709 5634
405 580 447 643 80
818 591 929 641 enarr
953 591 1131 653 ovunrvu.

405 749 557 813 lexerunt
571 747 706 812 Beierus
723 745 864 811 Orellius
879 746 1074 812 Huschkius
1081 794 1091 829 ‚
1112 769 1153 813 ne
1167 746 1203 812 in
1217 747 1335 813 ceteris
1350 746 1483 835 quidem
1498 770 1546 813 se-

404 852 448 915 tis
470 849 550 933 quid
571 850 642 915 XII
662 849 830 935 proprium
846 848 903 930 sit,
925 848 1006 935 quid
1025 848 1190 931 Ciceroni,
1212 848 1445 915 discernentes.
1481 850 1546 914 Eos

405 962 514 1017 autem
529 951 585 1039 qui
600 953 662 1017 VI
679 960 743 1016 ‘ast
760 958 791 1017 ee·
803 962 899 1016 eustos
918 972 974 1016 nee
993 958 1065 1016 escit
1071 958 1081 987 ’
1102 951 1250 1017 futurum
1270 961 1389 1040 putant
1408 952 1547 1039 impera·
1585 962 1588 966 ’

404 1054 474 1120 tivo
490 1053 704 1121 substitutum
720 1077 803 1137 esse,
819 1076 954 1141 prorsus
971 1052 1131 1120 fefellisse
1146 1053 1332 1141 opinionem
1345 1053 1435 1119 infra
1448 1076 1547 1141 appa-

405 1156 500 1222 rebit.
530 1157 576 1222 At
591 1157 714 1243 pariter
728 1154 881 1243 repudiat
895 1154 951 1221 lex
965 1155 1174 1223 coniuncti
1183 1179 1273 1222 vum
1293 1155 1423 1243 qualem
1438 1156 1547 1221 obtru-

405 1259 448 1324 sit
462 1258 611 1324 Victorio
627 1268 760 1324 auctore
776 1256 1003 1325 Gothofredus
1020 1257 1069 1322 11
1087 1264 1127 1323 ‘si
1138 1265 1170 1322 in
1184 1265 1231 1323 ius
1245 1271 1343 1336 uocat,
1364 1269 1454 1337 utque
1468 1258 1506 1344 (i.
1521 1279 1547 1325 e.

404 1362 516 1447 statim)
532 1368 620 1439 ent',
637 1362 717 1425 satis
733 1360 896 1425 refutatus
912 1383 986 1425 eum
1002 1360 1044 1425 ab
1060 1359 1133 1425 aliis
1148 1369 1219 1425 tum
1233 1361 1277 1427 ab
1288 1358 1548 1426 Unterholenero

405 1465 439 1529 in
454 1463 576 1529 Annal.
592 1464 704 1529 soient.
720 1463 782 1529 iur.
798 1462 914 1528 histor.
930 1462 1060 1545 114383
1076 1472 1134 1528 aut
1149 1463 1204 1549 qui
1219 1461 1251 1526 V
1265 1462 1287 1528 5
1301 1461 1343 1527 ad
1358 1471 1547 1548 corruptam

406 1565 555 1631 codicum
576 1563 768 1631 Collationis
795 1564 986 1629 memoriam
1007 1568 1147 1643 ‘aentites
1172 1568 1326 1642 senilium
1345 1569 1433 1628 iteres
1451 1569 1546 1627 hunc'

405 1669 479 1755 (pro
501 1672 661 1735 ‘habento'
690 1670 789 1749 Nune)
812 1690 854 1732 ex
874 1676 1027 1732 notarum
1049 1666 1262 1733 similitudine
1284 1665 1546 1755 explicandam¹)

404 1770 554 1857 proxime
574 1768 730 1835 accedere
752 1768 817 1835 sibi
836 1768 902 1835 visi
923 1776 1000 1833 sunt
1020 1767 1214 1855 corrigendo
1236 1769 1290 1836 vel
1310 1772 1473 1833 ‘babeant'
1495 1766 1547 1832 vel

405 1877 596 1938 ‘herciscunt'
611 1870 767 1937 Pithoeus
784 1880 816 1935 et
832 1869 993 1953 Oiselius,
1017 1870 1070 1936 vel
1091 1870 1175 1938 adeo
1196 1871 1273 1937 ficto
1294 1870 1458 1937 vocabulo
1480 1874 1546 1933 ‘be-

404 1983 540 2040 reseunt’
555 1972 750 2040 Huschkius
767 1972 815 2058 (in
831 1972 924 2039 stud.
942 1973 1005 2037 iur.
1020 1972 1059 2037 R.
1076 1995 1108 2059 p.
1126 1972 1197 2037 156.
1212 1972 1299 2038 Mus.
1314 1972 1404 2041 rhen.
1419 1972 1483 2036 iur.
1497 1971 1546 2035 VI

404 2102 436 2164 p.
452 2078 545 2165 280):
572 2076 628 2163 qui
648 2075 732 2143 bene
752 2074 831 2141 iecit
852 2074 942 2161 quod
960 2075 996 2140 in
1016 2074 1160 2142 editione
1175 2072 1258 2141 Goll.
1281 2076 1478 2141 sententiam
1499 2095 1545 2138 re·

405 2178 572 2245 tractavit.
1527 2222 1530 2225 -

489 2282 536 2345 At
550 2302 652 2345 unum
667 2279 756 2345 dices
779 2279 941 2364 refragari
962 2280 1057 2346 nobis
1079 2278 1188 2346 locum
1209 2302 1229 2344 a
1250 2279 1358 2345 Plinio
1378 2279 1427 2345 sio
1448 2276 1546 2345 tradi·

405 2394 475 2449 tum
490 2382 578 2446 XXI
592 2382 623 2465 5,
641 2384 675 2447 7:
693 2386 842 2460 ‘Namque
856 2386 900 2444 att
912 2388 1079 2447 certamina
1093 2388 1125 2445 in
1139 2390 1253 2447 ursum
1269 2404 1330 2462 per
1342 2387 1430 2447 ludos
1449 2393 1479 2446 et
1492 2388 1548 2461 ipsi

406 2489 625 2550 descendebant
637 2494 666 2549 et
680 2504 779 2549 servos
798 2503 866 2547 snos
884 2504 1031 2563 equosque
1051 2489 1212 2550 mittebant.
1240 2488 1320 2549 Inde
1339 2492 1393 2549 itin
1407 2488 1480 2548 XII
1497 2498 1547 2547 tu-

405 2594 544 2653 bulorum
558 2594 610 2653 ten
626 2594 709 2666 “qui
721 2606 861 2651 coronam
874 2594 960 2665 parit
973 2594 1037 2667 ipse
1048 2594 1214 2668 pecuniave
1233 2594 1298 2653 eius
1312 2594 1464 2652 virtutisne
1477 2606 1548 2665 erqo

405 2697 508 2755 duitor
522 2696 585 2755 ei.''
617 2693 710 2765 Ouum
725 2696 805 2753 servi
817 2696 919 2769 equive
934 2697 1116 2767 meruissent,
1125 2698 1259 2771 pecunie
1272 2702 1395 2770 portam
1409 2697 1476 2769 lene
1489 2694 1550 2753 dici

405 2813 488 2857 nemo
513 2796 664 2857 dubitauit.
708 2796 779 2867 Quis
799 2812 871 2870 erpo
891 2793 1003 2857 bonos?
1036 2796 1075 2857 Ut
1097 2799 1158 2873 ipsi
1181 2805 1295 2857 mortuo
1316 2797 1548 2873 parentibusque

404 2902 482 2978 eins,
499 2900 569 2960 dum
584 2902 663 2960 intus
676 2900 789 2975 positus
802 2904 879 2959 esset
888 2898 1005 2972 forisve
1016 2899 1168 2978 serretur,
1189 2902 1253 2961 sine
1265 2900 1383 2973 fraude
1402 2906 1480 2960 esset
1491 2902 1547 2960 im-

400 3006 523 3079 positu?

488 3100 621 3187 Deque
638 3098 709 3166 loeo
725 3108 801 3166 ante
818 3121 916 3187 quam
935 3098 1094 3166 iudicium
1116 3100 1190 3185 fiat,
1211 3102 1285 3189 ipsa
1304 3101 1409 3169 verba
1426 3102 1546 3168 reotius

405 3224 504 3291 quam
524 3202 632 3267 adhue
652 3201 778 3267 factum
799 3212 849 3268 est
870 3202 1101 3269 constituenda
1120 3213 1206 3269 sunt.
1236 3205 1348 3290 Atque
1364 3211 1547 3270 ‘vi'rtutisue’

406 3327 478 3370 eum
494 3326 599 3391 neque
614 3325 688 3368 eum
703 3310 887 3383 ‘pecuniave’
904 3306 1058 3390 coniungi
1072 3305 1170 3372 liceat
1184 3328 1245 3371 neo
1260 3306 1302 3371 ad
1317 3309 1405 3371 ‘eius'
1423 3308 1483 3393 (se.
1494 3329 1546 3394 pe-

405 3406 535 3501 euniae)
551 3415 682 3493 praeter
696 3405 824 3470 Iunium
840 3408 1014 3495 quisquam
1028 3408 1152 3475 referat
1169 3432 1229 3473 neo
1245 3432 1323 3475 vero
1338 3410 1459 3475 rationi
1474 3431 1547 3475 eon·

325 3542 335 3565 v
406 3508 518 3575 veniat
534 3528 606 3571 cum
620 3506 784 3593 prioribus
802 3508 984 3576 editoribus
1001 3533 1039 3575 ao
1050 3509 1122 3575 XII
1132 3511 1366 3597 interpretibus
1381 3511 1547 3599 plerisque

405 3616 463 3675 ‘oe’
479 3608 574 3697 quasi
588 3608 724 3675 fortuito
740 3620 848 3676 ortum
863 3612 1015 3694 abiicere,
1031 3635 1073 3677 ex
1079 3611 1230 3679 Toletani
1245 3614 1368 3679 codicis
1385 3614 1548 3701 scriptura

405 3711 458 3779 vel
472 3713 581 3799 potius
597 3712 784 3778 coniectura
797 3720 912 3777 ‘ui'rtnti
918 3722 1002 3777 suae'
1014 3714 1186 3780 Pintianus
1199 3716 1387 3782 Gronovius
1400 3716 1546 3801 Silligius

404 3824 621 3902 reposuerunt
638 3820 771 3879 ‘virtutis
784 3836 857 3881 suae
871 3823 966 3895 erpo?
996 3816 1120 3881 Verum
1141 3838 1321 3903 pronomen
1336 3824 1443 3883 ‘sune’
1459 3818 1546 3883 miri-
1579 3820 1582 3833 '

404 3918 465 3983 lice
480 3917 652 3983 abundans
667 3918 792 4003 pariter
812 3940 832 3981 a
847 3918 918 3983 XII
934 3916 1119 3984 tabularum
1140 3920 1303 3987 brevitate
1323 3929 1422 4008 atque
1443 3944 1464 3985 a
1483 3920 1546 3986 for·

404 4019 512 4084 mulae
538 4024 669 4084 ‘virtutis
692 4026 782 4099 erpo'
807 4044 870 4085 usu
896 4019 1061 4087 abhorret.
1091 4020 1136 4087 of.
1161 4020 1301 4087 Sisenna
1323 4045 1376 4110 ep.
1402 4022 1545 4088 Nonium

404 4145 436 4208 p.
452 4120 515 4185 544
530 4126 658 4187 ‘virtutis
672 4143 744 4200 erqo
758 4129 875 4188 ciuitate
891 4127 1016 4206 donati,
1033 4124 1148 4189 Cicero
1165 4123 1206 4189 de
1221 4133 1289 4212 opt.
1304 4146 1377 4210 gen.
1394 4146 1440 4190 or.
1459 4126 1490 4207 7,
1508 4124 1546 4188 19

405 4229 487 4285 ‘eum
510 4227 620 4288 donari
638 4229 754 4289 uirtutis
771 4246 843 4303 erpo
863 4230 1164 4308 benevolentiaeque,
1183 4226 1299 4292 Livius
1315 4226 1373 4309 25,
1391 4228 1420 4305 7,
1437 4227 1546 4290 4‘neu

404 4328 481 4387 dono
506 4330 632 4388 militari
654 4333 771 4391 virtutis
795 4348 866 4405 erpo
897 4332 1083 4391 donaretur?
1126 4330 1242 4415 Itaque
1274 4350 1312 4395 eo
1344 4327 1484 4410 inclino,
1510 4337 1546 4392 ut

404 4422 544 4489 alterum
559 4430 747 4509 genetivum
763 4430 924 4495 excidisse
941 4439 1017 4495 ante
1032 4430 1208 4497 virtutisve
1224 4430 1386 4517 suspicer,
1408 4451 1545 4516 eumque

474 4648 493 4715 ¹)
513 4651 549 4702 ef.
569 4650 751 4717 Sehillingius
769 4653 844 4703 Diss.
863 4655 924 4707 crit.
944 4654 977 4704 de
995 4654 1111 4720 Ulpiani
1130 4656 1294 4721 fragmentis
1312 4671 1339 4721 p.
1357 4655 1391 4705 83
1409 4668 1469 4720 sqq.
