3709 5634
405 644 447 706 to
656 695 660 705 .
828 650 940 697 osrvr
963 648 1128 695 ruarrvu.

405 809 513 876 Gellio
529 808 630 872 citata
645 805 874 889 coniungenda
895 813 985 869 sunt.
1012 802 1127 889 Neque
1147 810 1256 868 tamen
1274 801 1352 865 inde
1372 824 1447 865 cum
1461 800 1545 865 Vah·

405 912 478 976 leno
495 909 637 975 efficiam
652 906 733 972 duas
746 906 817 971 XII
829 904 1017 996 tabularum
1032 903 1121 989 leges
1135 904 1184 968 ita
1198 925 1290 968 orsas
1306 925 1395 985 esse,
1411 926 1547 989 quarum

405 1023 513 1079 utram
529 1012 642 1077 Cicero
658 1010 811 1095 respiciat
826 1007 915 1072 haud
931 1008 1011 1071 satis
1026 1006 1167 1093 liquere:
1189 1028 1267 1070 nam
1282 1006 1443 1071 eiusmodi
1458 1028 1547 1091 repe·

405 1118 555 1182 titionem
571 1111 705 1179 obtrudi
720 1110 854 1175 minime
869 1111 996 1195 patitur
1011 1108 1178 1174 succincta
1199 1107 1421 1173 decemvirum
1441 1107 1547 1172 brevi·

406 1230 467 1285 tas.
498 1216 570 1282 Sed·
580 1214 724 1281 Gellium
739 1213 848 1299 potius
865 1234 957 1277 sumo
974 1211 1217 1298 perspicuitatis
1239 1231 1357 1273 caussa
1378 1233 1420 1277 ex
1440 1211 1550 1296 priore

407 1320 478 1405 lege
494 1325 582 1383 ‘sita
597 1324 756 1393 introcat,
773 1322 829 1379 ito'
847 1365 853 1379 .
872 1364 878 1377 .
900 1316 966 1378 ista
981 1314 1083 1379 verba
1099 1314 1141 1377 ad
1157 1311 1294 1378 alteram
1308 1334 1437 1399 quoque
1457 1334 1549 1378 revo

407 1444 511 1487 casse.

491 1522 563 1589 Iam
578 1544 656 1589 vero
669 1544 742 1587 cum
754 1542 796 1585 ex
807 1520 1014 1607 paucissimis
1026 1522 1171 1606 ipsorum
1184 1528 1331 1583 veterum
1342 1520 1549 1596 testimoniis,

405 1626 492 1690 unde
519 1625 560 1690 de
585 1625 682 1689 unius
709 1623 888 1689 alteriusve
914 1622 1091 1706 fragmenti
1114 1622 1192 1686 sede
1217 1622 1370 1685 certiores
1393 1621 1476 1685 facti
1502 1644 1551 1695 su-

407 1750 478 1793 mus
489 1729 524 1814 ¹),
541 1728 581 1792 de
596 1726 751 1792 universo
774 1725 884 1810 legum
906 1724 1019 1809 ordine
1041 1746 1195 1810 umquam
1215 1722 1417 1788 restituendo
1438 1722 1551 1810 despe-

408 1829 549 1896 randum
565 1830 624 1911 sit,
646 1850 721 1893 oum
741 1835 850 1892 tamen
870 1828 913 1891 ad
929 1825 1073 1913 aliquam
1087 1835 1175 1890 certe
1190 1848 1338 1891 normam
1353 1848 1489 1892 necesse
1510 1826 1552 1891 sit

409 1934 595 2016 fragmenta
621 1930 768 2018 disponi,
797 1940 829 1994 et
855 1930 1055 1994 tutissimum
1068 1929 1190 1994 >visum
1214 1940 1264 1994 est
1288 1937 1323 1993 et
1346 1928 1552 2014 aptissimum

407 2034 570 2099 Dirkseni
586 2033 732 2098 ordinem
748 2032 889 2097 retinere
910 2043 943 2096 et
963 2030 1128 2096 subtiliter
1143 2032 1366 2117 excogitatum
1388 2040 1421 2095 et
1434 2032 1551 2117 proba

406 2134 517 2201 biliter
539 2132 762 2200 observatum.
804 2134 916 2220 Neque
938 2134 1024 2197 enim
1045 2156 1153 2198 meum
1172 2142 1223 2198 est
1247 2155 1368 2199 novam
1390 2134 1551 2198 rationem

407 2258 578 2323 quaerere,
595 2244 628 2299 et
642 2232 772 2301 omnino
789 2245 936 2322 praestat
957 2236 993 2298 in
1007 2236 1059 2300 his
1083 2235 1157 2300 usui
1178 2257 1276 2322 quam
1296 2235 1417 2300 rationi
1437 2257 1552 2301 consu-

407 2337 484 2405 lc're.
500 2337 616 2424 ltaque
631 2338 694 2401 nisi
709 2338 744 2401 in
760 2338 806 2402 eis
822 2360 905 2425 quae
922 2360 1022 2424 supra
1032 2339 1143 2403 monui
1154 2336 1208 2403 vel
1218 2345 1353 2424 prorsus
1366 2337 1553 2404 abiicienda

408 2438 461 2505 vel
475 2438 630 2504 addenda
644 2438 698 2505 vel
714 2461 788 2503 cum
803 2439 876 2517 aliis
893 2440 1123 2525 coniungenda
1137 2462 1228 2520 esse,
1243 2462 1423 2526 numquam
1438 2441 1482 2506 ab
1497 2438 1552 2503 illo

409 2542 576 2607 discedere
591 2540 742 2625 religioni
757 2543 869 2626 habui,
887 2565 928 2606 ne
943 2553 1014 2608 tum
1029 2543 1172 2629 quidem,
1189 2544 1217 2606 si
1232 2541 1465 2629 quandovratio
1480 2565 1553 2607 eum

408 2642 565 2709 fefellisse
580 2642 758 2709 videretur.
789 2646 842 2709 Ita
857 2644 945 2731 quod
958 2645 1013 2709 ΙΙΙ
1028 2646 1046 2709 7
1063 2644 1238 2711 collocavit
1259 2649 1423 2708 ‘Adversas
1442 2648 1552 2708 bosam

409 2756 532 2810 aeterna
548 2752 728 2811 auctorttus’
741 2746 779 2831 ²),
797 2748 958 2833 exipsius
974 2746 1111 2813 consilio
1133 2759 1274 2812 sextae
1293 2747 1404 2833 potius
1419 2745 1552 2811 tabulae

407 2871 482 2913 cum
498 2848 615 2914 ceteris
632 2849 673 2913 de
688 2849 886 2934 usucapione
900 2850 1085 2936 praeceptis
1102 2851 1205 2915 tribui
1221 2848 1374 2915 debebat.
1390 2846 1453 2912 Illa
1468 2849 1552 2912 enim

408 2948 579 3015 collocatio
618 2961 655 3015 ut
693 2974 757 3015 non
794 2950 983 3017 defenditur
1027 2954 1125 3015 nimis
1161 2951 1314 3037 quaesito
1358 2959 1551 3035 argumento

409 3074 441 3136 p.
453 3052 516 3115 222
533 3074 590 3139 sq.‚
608 3054 654 3117 ita
670 3074 710 3117 ne
726 3054 798 3139 ipso
814 3053 946 3139 quidem
963 3077 1026 3140 quo
1048 3054 1197 3117 innititur
1212 3053 1277 3117 (iai
1292 3052 1364 3118 loco
1380 3052 1481 3117 fidem
1502 3074 1552 3117 ac-

409 3154 500 3239 cipit.
533 3154 597 3234 Qui
623 3178 697 3219 cum
723 3156 757 3218 in
782 3154 866 3219 libro
892 3156 927 3219 ΙΙ
954 3156 996 3219 ad
1017 3155 1122 3239 legem
1142 3155 1213 3219 XII
1232 3154 1324 3220 tabb.
1347 3154 1404 3238 (D.
1424 3154 1479 3237 50,
1503 3155 1552 3237 16,

408 3255 472 3319 234
486 3262 551 3341 pr.)
569 3261 680 3320 ‘bostis’
695 3256 861 3322 notionem
883 3256 1129 3345 explanaverit,
1152 3257 1186 3321 id
1207 3258 1278 3321 siue
1298 3256 1401 3322 dubio
1423 3280 1462 3323 eo
1482 3256 1552 3325 loco

479 3513 497 3576 ¹)
517 3512 587 3564 Sunt
610 3518 702 3565 autem
726 3516 837 3580 praeter
857 3516 1000 3567 Ciceronis
1024 3516 1113 3567 locum
1136 3516 1215 3567 modo
1238 3521 1417 3568 memoratum
1440 3517 1475 3568 de
1498 3517 1553 3583 leg.

409 3600 436 3650 Π
453 3602 479 3662 4,
499 3600 515 3650 9
534 3597 582 3663 (cf.
608 3600 643 3649 ad
660 3590 781 3653 Herenn.
801 3602 827 3650 11
847 3603 887 3665 13,
908 3602 950 3667 19)
973 3602 1044 3652 unde
1068 3602 1101 3652 de
1124 3603 1204 3652 initio
1224 3605 1346 3665 constat,
1370 3606 1399 3652 et
1416 3603 1498 3653 Festi
1520 3602 1553 3653 de

410 3686 517 3735 caussis
540 3683 597 3735 diei
620 3684 786 3735 diffendendi
810 3688 839 3736 in
857 3687 888 3737 T.
907 3687 936 3737 II
958 3688 1063 3737 notatis
1086 3688 1171 3738 haec:
1195 3688 1310 3751 Dionys.
1329 3686 1394 3738 Hal.
1417 3688 1446 3737 II
1464 3690 1497 3739 27
1520 3688 1553 3738 de

409 3769 585 3821 filiifamilias
604 3771 825 3836 emancipatione
844 3772 873 3821 in
892 3773 923 3821 T.
937 3773 975 3822 IV
994 3777 1122 3837 recepta3
1142 3772 1285 3823 Ciceronis
1303 3772 1336 3822 de
1355 3772 1411 3838 leg.
1424 3773 1508 3836 1125,
1521 3775 1554 3823 64

409 3855 443 3907 de
461 3856 588 3905 funerum
601 3844 784 3907 ¹caerimoniis
803 3858 984 3923 praescriptis
1002 3859 1031 3908 in
1049 3859 1081 3909 Τ.
1099 3859 1137 3922 X,
1156 3858 1294 3909 Macrobii
1311 3859 1325 3908 Ι
1345 3860 1389 3919 13,
1408 3860 1440 3907 21
1459 3858 1493 3909 de
1511 3859 1553 3909 fa·

410 3941 477 4005 stis,
501 3940 570 3991 item
594 3940 738 3991 Ciceronis
761 3941 794 3992 dc
818 3958 875 4007 rep.
894 3943 927 3995 ,II
951 3945 992 4006 37,
1015 3944 1048 3993 63
1070 3948 1099 3995 et
1121 3944 1237 4008 Dionys.
1256 3943 1296 3993 XI
1317 3945 1351 3994 28
1378 3942 1412 3993 de
1435 3943 1553 3995 conubio

409 4030 517 4091 patrum
536 4041 597 4076 curn
615 4026 696 4091 plebe
715 4028 807 4101 vetito¹
821 4028 851 4077 in
869 4027 1005 4079 alterutra
1025 4015 1183 4082 ultimarum
1200 4028 1357 4079 tabularum
1375 4018 1509 4079 exhibitis
1520 4055 1553 4065 -

410 4110 509 4174 quibus
529 4112 612 4162 etiam
630 4116 735 4162 statuta
758 4112 791 4161 de
816 4114 889 4163 aeris
913 4112 1001 4163 alieni
1023 4113 1156 4164 iudicatis
1178 4113 1291 4163 nimium
1313 4118 1345 4163 nt
1366 4114 1422 4178 ipsi
1444 4114 1552 4164 videtur

411 4196 536 4247 crudelis
556 4196 691 4247 contineri
711 4214 743 4247 ex
762 4196 906 4249 Ciceronis
929 4198 963 4259 de
983 4215 1040 4264 rep.
1065 4199 1085 4252 l.
1105 4215 1129 4253 c.
1147 4198 1252 4248 iniuria
1275 4198 1413 4248 concludit
1430 4198 1552 4250 Niebuh-

354 4312 362 4326 .
410 4280 466 4330 rius
484 4280 520 4333 Η.
539 4281 571 4330 u.
591 4282 618 4331 Il
636 4298 662 4346 p.
683 4284 746 4345 374,
770 4284 871 4348 probat
895 4282 1083 4349 Goettlingius
1105 4284 1179 4333 Hist.
1199 4284 1266 4347 rcip.
1291 4283 1322 4335 R.
1341 4299 1367 4347 p.
1387 4286 1450 4346 3223
1476 4283 1552 4334 deni·

411 4378 462 4429 que
480 4364 597 4430 Ulpiani
615 4368 651 4416 D.
669 4370 711 4431 38,
730 4369 754 4426 6,
775 4369 842 4433 lpr.
861 4368 933 4418 unde
951 4369 980 4417 in
998 4370 1155 4434 praeceptis
1175 4367 1208 4417 de
1226 4368 1360 4417 bonorum
1378 4370 1552 4433 possessione

409 4450 556 4500 transitum
575 4466 592 4500 a
611 4454 724 4503 testatis
743 4452 777 4503 ad
795 4454 944 4504 intestatos
963 4453 1067 4503 factum
1087 4469 1148 4504 esse
1168 4455 1357 4517 comperimus.
1459 4476 1474 4490 κ

477 4532 498 4599 ²)
517 4535 552 4584 de
572 4550 624 4599 quo
642 4537 680 4588 cf.
699 4536 807 4587 Puchta
825 4536 918 4591 ‘Civil
938 4537 1019 4587 Athe
1037 4556 1065 4604 p.
1084 4541 1098 4588 1
1117 4555 1177 4604 sqq.
1202 4538 1382 4589 Sobroeterus
1400 4538 1481 4590 Obss.
1502 4541 1551 4589 iur.

411 4619 463 4671 civ.
486 4635 513 4684 p.
532 4620 565 4671 62
588 4634 647 4685 sqq.
680 4621 863 4675 Mommsenus
887 4622 921 4673 dc
945 4624 1113 4677 auctoritate
1132 4625 1147 4687 ἕ
1165 4627 1190 4675 3.
1218 4622 1425 4676 Schoemannus
1448 4626 1551 4691 Opust.

410 4704 530 4757 111409.
