3709 5634
885 667 1025 716 TABVLA
1047 670 1080 715 X.

961 822 993 885 4.

492 944 668 991 MVLIERES
699 942 812 991 GENAS
840 943 885 990 NE
913 942 1082 991 RADVN'I'O
1109 942 1203 991 NEVE
1236 940 1372 1017 Lnssvsl
1406 942 1553 1008 Fvnusslq

408 1045 501 1093 nuso
524 1019 702 1094 sinduno.
963 1114 985 1179 5

492 1233 621 1280 HOMINI
636 1234 779 1281 MORTVO
792 1236 837 1281 NE
851 1234 937 1283 OSSA
949 1234 1092 1299 LEGITO,
1106 1235 1276 1295 QVO'POST
1292 1235 1403 1282 FVNVS
1416 1233 1552 1281 nnclnr.

493 1318 606 1385 Cicero
622 1316 643 1382 l.
660 1317 681 1383 l.
697 1320 747 1385 60.
772 1320 925 1406 ‘Excipit
941 1318 1094 1386 bellicam
1109 1320 1379 1407 peregrinamque
1394 1326 1553 1384 mortem?

966 1423 995 1485 6.

493 1523 607 1589 Cicero
623 1522 645 1586 l.
662 1524 683 1586 l.
700 1524 751 1589 60.
775 1523 884 1588 ‘Haec
904 1532 1077 1611 praeterea
1096 1532 1173 1588 sunt
1192 1524 1226 1587 in
1249 1522 1393 1609 legibus:
1419 1524 1476 1608 [de
1495 1547 1551 1587 un-

362 1621 368 1626 ’
408 1634 500 1691 utura
521 1627 618 1713 quae]
641 1625 770 1691 seruilis
792 1635 932 1690 unctura
951 1624 1078 1691 tollitur
1100 1626 1268 1712 omnisque
1288 1627 1551 1713 circumpotatio:

407 1750 490 1813 quae
513 1737 655 1793 streete
677 1727 836 1795 tolluntur
858 1750 963 1816 neque
985 1727 1191 1815 tollerentur,
1221 1729 1286 1793 nisi
1308 1728 1461 1794 inissent.
1505 1728 1552 1792 Ne

451 1912 455 1929 ¹
474 1922 499 1973 4.
519 1918 616 1970 Cicero
635 1919 653 1971 l.
673 1919 691 1969 l.
710 1922 752 1982 25,
772 1922 806 1969 64
824 1920 874 1970 ‘de
894 1920 1024 1971 lamentis
1042 1935 1108 1970 uero
1127 1934 1259 1985 expressa
1277 1919 1370 1970 uerbis
1389 1924 1454 1969 sunt
1471 1924 1551 1968 ‘mu-

407 2005 514 2055 lieres
533 2039 540 2055 .
561 2042 566 2055 .
586 2008 605 2055 .’
641 2006 682 2067 23,
696 2008 728 2056 69
748 2005 833 2055 ‘tollit
852 2007 937 2055 etiam
955 2005 1183 2056 lamentationem
1201 2004 1381 2055 ‘mulieres
1401 2039 1409 2053 .
1428 2039 1436 2053 .
1456 2009 1475 2057 .’
1493 2006 1552 2055 Hoc

360 2114 364 2121 ¹
408 2095 518 2141 ueteres
537 2090 704 2155 interpretes
724 2089 785 2143 Sex.
799 2090 906 2157 Aelius,
926 2092 958 2141 1..
971 2089 1080 2141 Acilius
1091 2106 1147 2141 non
1159 2090 1228 2140 satis
1246 2104 1277 2140 se
1295 2089 1460 2155 intellegere
1480 2089 1553 2139 dixe·

407 2179 486 2239 runt,
507 2174 556 2227 sed
575 2176 713 2239 suspicari
730 2176 892 2227 uestimenti
911 2176 1021 2240 aliquod
1035 2187 1121 2242 genus
1134 2175 1277 2238 funebris,
1296 2176 1328 2224 L.
1340 2173 1438 2225 Aelius
1450 2174 1553 2225 lessum

408 2261 487 2325 quasi
504 2259 647 2324 lugubrem
667 2261 861 2320 eiulationem,
880 2265 912 2311 ut
929 2276 983 2311 uox
1002 2262 1065 2327 ipsa
1082 2259 1237 2326 signifieat:
1262 2260 1335 2323 quod
1355 2276 1387 2310 eo
1405 2260 1496 2325 magis
1513 2260 1551 2309 iu-

408 2346 471 2395 dieo
490 2360 585 2395 uorum
604 2360 678 2408 esse,
698 2347 765 2409 quia
790 2346 834 2396 lex
854 2346 963 2396 Solonis
981 2346 1009 2396 id
1032 2347 1122 2412 ipsum
1143 2348 1242 2395 uetat)
1279 2346 1316 2397 oi.
1334 2345 1418 2395 Tuso.
1437 2344 1507 2411 disp.
1525 2345 1552 2395 II

408 2434 450 2494 23,
469 2431 502 2481 56
520 2430 717 2494 ‘ingemiscere
735 2444 955 2497 nonnumquam
973 2432 1033 2481 uiro
1053 2446 1214 2483 eoncessum
1233 2434 1277 2481 est
1293 2430 1376 2495 idque
1394 2446 1471 2481 raro:
1496 2432 1552 2480 eiu-

406 2514 481 2565 latus
503 2530 538 2565 ne
556 2513 666 2564 mulieri
684 2514 807 2579 quidem:
831 2520 859 2565 ot
882 2517 928 2567 hio
946 2518 1073 2567 nimirum
1091 2520 1134 2567 est
1151 2517 1231 2566 fletus
1250 2514 1311 2580 (lep.
1329 2516 1457 2579 lessus,
1475 2522 1504 2565 ut
1519 2531 1553 2565 ex

407 2603 511 2650 vetustis
528 2600 600 2650 libris
612 2596 650 2663 (1)
670 2600 787 2651 Muretus
808 2603 872 2652 Var.
885 2603 959 2652 Lect.
980 2603 1024 2651 IX
1042 2601 1138 2664 1901.)
1156 2616 1237 2666 quern
1254 2600 1309 2650 XII
1330 2599 1446 2650 tabulae
1464 2600 1495 2649 in
1511 2600 1553 2650 fn-

407 2684 520 2735 neribus
539 2684 666 2734 adhiberi
682 2689 850 2737 uetuerunt.’
866 2686 977 2738 .Gloss.
995 2686 1084 2737 Labb.
1103 2685 1208 2737 ‘lessus
1231 2686 1357 2751 Opiivocss
1392 2684 1502 2735 Plinius
1518 2685 1552 2734 H.

407 2770 440 2823 N.
459 2769 498 2819 XI
516 2770 564 2830 58,
585 2772 633 2820 157
656 2770 750 2820 ‘inira
773 2770 867 2821 oeulos
885 2771 977 2821 melae
1000 2771 1104 2821 homini
1125 2775 1247 2834 tantum,
1271 2785 1341 2836 quos
1362 2770 1449 2835 prisci
1467 2784 1553 2835 genes

407 2854 547 2904 uocabant
567 2854 622 2906 XH
642 2855 801 2904 tabularum
819 2857 967 2907 interdicto
985 2856 1048 2907 rodi
1065 2872 1082 2906 a
1099 2856 1211 2907 feminis
1227 2858 1378 2907 notantes?
1407 2857 1509 2905 Festus
1526 2870 1552 2920 p.

408 2942 458 2989 273
469 2940 508 2989 M.
528 2938 648 2989 ‘Radere
667 2938 767 3003 g(euas
779 2942 896 2990 uetitum
910 2945 953 2991 est
965 2942 1005 3003 in)
1018 2941 1080 3007 lege
1093 2942 1155 2999 XII,
1170 2940 1198 2991 id
1210 2944 1254 2991 est
1264 2941 1402 3006 unguibus
1415 2938 1552 3004 (lacerare

409 3023 530 3088 males).’
551 3026 635 3089 suppl.
655 3023 683 3074 θ.
697 3026 845 3075 Muellerus.
870 3026 907 3076 ef.
922 3026 1015 3077 Gloss.
1031 3026 1120 3077 Paris.
1139 3042 1166 3092 p.
1180 3027 1230 3077 164
1241 3025 1316 3075 Hild.
1336 3025 1450 3077 ‘Gense
1462 3025 1552 3075 malae

409 3124 481 3173 quae
499 3110 529 3157 in
547 3108 622 3159 faeie
640 3114 703 3159 sunt
721 3110 771 3160 sub
790 3110 900 3164 oeulis!
937 3110 1049 3161 Seruius
1072 3111 1108 3161 od
1125 3111 1194 3161 Aen.
1217 3110 1272 3160 XII
1290 3112 1340 3161 606
1358 3115 1368 3141 ‘
1376 3146 1382 3160 .
1404 3150 1411 3163 .
1430 3148 1438 3161 .
1462 3115 1553 3161 tomen

409 3193 551 3243 sciendum
573 3198 684 3244 cautum
704 3210 765 3245 esse
783 3194 847 3260 lege
868 3196 923 3247 XII
944 3196 1116 3260 tabularum,
1135 3212 1170 3247 ne
1193 3195 1322 3247 mulieres
1341 3200 1490 3261 carperent
1512 3197 1552 3245 fa-

410 3278 489 3341 eiem,
507 3278 552 3327 bis
569 3278 663 3329 uerbis
682 3279 822 3331 ‘mulier
839 3280 965 3331 faeiem
983 3298 1023 3333 ne
1042 3282 1197 3347 carpito!

478 3364 501 3413 5.
522 3360 620 3414 Cicero
638 3364 658 3414 l.
676 3365 694 3415 l.
713 3367 747 3415 60
764 3364 877 3417 ‘Cetera
893 3366 961 3417 item
978 3366 1109 3417 funebria
1126 3366 1226 3431 quibus
1249 3365 1341 3417 luctus
1363 3369 1485 3431 nugetur
1501 3366 1553 3415 XII

410 3446 589 3500 sustulerunt.
625 3449 801 3515 ‘Homini’,
820 3452 923 3517 inquit,
947 3456 1094 3503 ‘mortuo
1113 3488 1256 3503 ......
1262 3453 1271 3479 '
1295 3450 1378 3501 eredo
1401 3450 1553 3515 quoderat

409 3530 580 3594 factitatum
595 3536 627 3581 ut
644 3534 692 3582 uni
706 3534 787 3599 pluro
799 3535 897 3587 fierent
913 3535 1035 3599 lectique
1053 3536 1148 3601 plures
1160 3540 1362 3586 sternerentur:
1380 3534 1410 3583 id
1428 3535 1502 3599 quod
1519 3551 1553 3584 ne
1570 3595 1573 3600 y

409 3615 489 3665 fieret
509 3616 573 3681 lege
595 3622 722 3667 sanetum
745 3625 808 3674 est.'
848 3620 947 3671 ‘eredo
965 3647 998 3655 —
1016 3625 1143 3671 sanetum
1166 3624 1225 3670 est’
1243 3635 1308 3685 quae
1326 3622 1353 3669 in
1374 3620 1447 3670 libris
1466 3622 1554 3671 edum-

351 3702 353 3707 '
410 3701 531 3767 uideoque
547 3709 608 3766 post
625 3702 792 3767 ‘impositam
810 3706 898 3755 iubet’
918 3702 951 3769 (s.
965 3702 991 3771 7)
1010 3708 1127 3771 lepunlur
1143 3707 1293 3770 transposui
1308 3721 1363 3755 eum
1380 3704 1553 3757 &noemam

411 3785 504 3851 Opusc.
523 3787 575 3837 III
593 3791 645 3838 386
661 3805 700 3853 sq.

478 3872 503 3921 6.
524 3872 560 3921 ei.
579 3873 684 3924 Numae
701 3874 747 3925 lex
766 3874 838 3941 apud
856 3876 979 3925 PlinIum
996 3875 1061 3925 xiv
1080 3878 1125 3939 12,
1145 3876 1179 3925 88
1197 3875 1294 3925 ‘uino
1311 3890 1425 3941 rogum
1442 3892 1484 3926 ne
1503 3892 1553 3925 re-

410 3958 585 4022 spergite?
618 3959 719 4010 Festus
737 3976 764 4024 p.
776 3961 826 4009 262
838 3962 875 4011 Μ.
895 3957 970 4023 (coll.
988 3952 1072 4009 Pauli
1083 3958 1154 4022 exe.)
1172 3960 1351 4025 ‘Respsrsum
1368 3961 1463 4010 uinum
1483 3960 1554 4026 opud

410 4042 540 4105 antiquos
558 4043 700 4107 signifieat
717 4046 811 4094 uinum
830 4062 896 4111 rogo
914 4046 1078 4109 inspersum,
1098 4045 1169 4110 quod
1187 4046 1217 4094 in
1235 4046 1323 4095 saeris
1340 4046 1554 4096 nouendialibus
1651 4084 1655 4092 .

497 4200 526 4256 4.
543 4202 671 4257 mulieres
686 4218 770 4274 genes
786 4202 814 4257 B
829 4205 845 4265 S
862 4206 902 4257 64
918 4218 998 4257 cenes
1014 4202 1048 4257 H
1059 4205 1076 4265 §
1092 4205 1130 4257 59
1143 4202 1184 4273 ef.
1207 4202 1352 4259 Vahlenus
1366 4204 1385 4259 1.
1402 4205 1421 4259 1.
1434 4222 1465 4275 p.
1484 4208 1503 4259 3

410 4285 575 4341 netraduuto
592 4286 625 4340 H
637 4287 673 4344 ib.
690 4304 724 4343 ne
740 4288 838 4343 radunt
854 4304 924 4360 oney
941 4285 1042 4363 (honey
1056 4280 1107 4362 13¹)
1124 4281 1165 4342 B¹
1181 4288 1215 4343 H
1226 4290 1242 4350 S
1260 4292 1309 4344 64.
1359 4279 1430 4344 neue
1445 4290 1474 4345 Ιι.
1490 4291 1510 4346 1.
1526 4293 1555 4345 in

410 4370 513 4425 rond
586 4372 684 4427 mulier
699 4372 794 4428 faeiem
809 4390 842 4427 ne
858 4374 963 4445 carpito
980 4371 1106 4429 servius.
1180 4373 1292 4428 ssessum
1310 4366 1346 4427 B¹
1363 4372 1488 4436 Eser.
1518 4374 1553 4429 In

414 4455 496 4510 Ture.
516 4458 535 4511 1.
552 4455 632 4511 [letus
654 4459 857 4528 interpolatum
874 4474 932 4527 pro
952 4457 1053 4513 lessus.
1074 4456 1115 4529 ef.
1140 4458 1388 4529 GlossParisp.
1406 4459 1552 4515 194Ηί1ι1.

411 4540 477 4594 letio
495 4538 674 4598 lamentabile.
705 4542 850 4615 Berytius
870 4546 901 4599 in
921 4542 1005 4599 Dior.
1027 4544 1117 4615 antiq.
1132 4545 1208 4600 stud.
1226 4548 1301 4616 1851
1318 4561 1351 4615 p.
1368 4547 1433 4599 221.
1463 4615 1465 4618 Ι
1506 4544 1552 4600 bo·

412 4622 567 4681 bentosd
587 4626 1068 4690 habenteoBbabenteollde.
1155 4628 1183 4685 5.
1207 4629 1552 4702 quosAILsedinAs

332 4744 335 4747 -
409 4714 558 4781 punctulo.
617 4719 681 4785 post
696 4707 790 4791 sunus]
807 4715 946 4787 possimus
961 4713 993 4768 H
997 4706 1006 4745 ¹
1023 4717 1054 4769 in
1069 4730 1125 4786 mp.
1140 4730 1220 4770 corr.
1235 4731 1272 4771 m.
1290 4718 1315 4770 2.
