3709 5634
717 1410 1137 1509 PRAEFATIO

441 1823 501 1904 De
522 1834 594 1921 lege
617 1835 689 1899 XII
708 1833 902 1899 tabularum
924 1857 997 1899 cum
1019 1857 1104 1899 anno
1127 1833 1399 1898 MDCCOLXIV
1422 1836 1501 1902 ordo

355 1945 623 2034 philosophorum
651 1946 833 2043 bonnensis
868 1945 1050 2010 litterarum
1079 1955 1242 2010 certamen
1274 1947 1423 2011 iussisset
1455 1949 1500 2012 ita

354 2061 445 2142 fieri,
474 2069 510 2122 ut
540 2080 582 2121 ex
609 2057 682 2142 lege
706 2067 800 2143 ‘quae
824 2067 998 2146 supersunt
1021 2055 1197 2142 diligenter
1220 2056 1430 2142 colligantur,
1459 2057 1506 2121 ad-

355 2191 504 2235 normam
515 2172 595 2232 artis
610 2167 827 2255 philologicae
839 2170 1089 2252 constituantur,
1103 2168 1149 2232 ita
1161 2168 1302 2256 denique
1318 2170 1500 2256 discepten-

353 2293 430 2362 tur,
458 2289 496 2345 ut
523 2303 589 2344 non
616 2289 683 2343 tam
711 2301 821 2343 rerum
843 2281 1005 2343 enarratio
1035 2301 1132 2365 quam
1155 2282 1248 2344 crisis
1271 2280 1447 2344 verborum
1470 2291 1502 2344 et

354 2393 440 2456 ratio
456 2391 587 2476 linguae
602 2398 799 2477 spectetur’:
823 2392 891 2455 eius
908 2392 1108 2477 quaestionis
1125 2389 1299 2454 solvendae
1322 2389 1501 2478 periculum

353 2505 479 2567 maiore
512 2523 585 2567 cum
616 2501 736 2564 fiducia
764 2524 862 2588 quam
896 2502 1014 2588 peritia
1042 2503 1076 2565 in
1104 2524 1156 2565 mc
1182 2505 1303 2586 recepi,
1353 2503 1502 2588 Namque

279 2649 287 2662 ι
353 2615 419 2678 ll'oe
439 2613 482 2676 ab
509 2613 604 2677 initio
632 2611 780 2702 intellexi
810 2635 874 2676 non
895 2635 992 2699 posse
1014 2614 1180 2699 proposito
1208 2615 1286 2677 satis
1316 2614 1388 2676 fieri
1415 2614 1501 2677 intra

354 2725 437 2788 fines
464 2723 506 2788 ab
533 2722 735 2810 amplissimo
764 2723 879 2787 ordine
908 2725 1118 2806 constitutos,
1148 2746 1263 2788 verum
1294 2722 1501 2809 diligentiore

354 2857 465 2899 rerum
480 2836 508 2898 si
523 2857 588 2899 non
604 2837 824 2918 enarratione,
840 2846 874 2899 at
889 2837 1143 2921 pertractatione
1158 2858 1238 2921 opus
1256 2857 1342 2916 esse,
1355 2821 1500 2920 ‘quicun-

356 2967 422 3032 que
437 2967 511 3009 cum
531 2944 641 3010 fructu
655 2947 781 3009 versari
803 2947 838 3009 in
859 2945 910 3008 his
925 2945 1073 3032 reliquiis
1090 2945 1326 3010 constituendis
1350 2944 1500 3009 voluerit.

354 3057 440 3120 Inde
454 3079 559 3121 novus
583 3055 722 3121 dabatur
737 3079 869 3143 campus
891 3057 926 3119 in
949 3079 1012 3142 quo
1030 3056 1140 3119 studia
1155 3055 1356 3120 collocarem.
1395 3055 1501 3136 Quem

354 3178 465 3231 tamen
480 3166 659 3255 periculum
674 3168 753 3248 fuit,
766 3189 807 3230 ne
822 3189 1023 3254 pererrarem
1038 3168 1146 3253 potius
1159 3190 1256 3254 quam
1267 3189 1500 3252 percurrerem,

354 3279 392 3341 ni
414 3279 605 3363 contigisset
626 3278 708 3342 mihi
729 3278 858 3365 hospite
879 3281 928 3343 uti
950 3277 1186 3363 benignissimo
1210 3279 1390 3367 eodemque
1419 3278 1501 3342 duce

355 3390 543 3455 firmissimo
566 3389 754 3453 Eduardo
775 3389 1045 3475 Boeckingio,
1070 3393 1126 3477 qui
1149 3391 1189 3454 de
1212 3393 1282 3454 iure
1304 3389 1501 3477 respondere

275 3538 284 3556 ›
356 3499 539 3564 consulenti
561 3523 735 3587 numquam
759 3499 955 3586 dedignatus
979 3503 1127 3588 quotiens
1150 3501 1305 3567 familiari
1327 3500 1502 3589 disciplina

354 3613 486 3676 auxerit
508 3613 692 3693 scientiam,
726 3613 831 3675 aciem
860 3614 1043 3694 exacuerit,
1077 3614 1165 3676 viam
1199 3624 1287 3677 recte
1314 3614 1501 3698 ingressuro

356 3723 463 3787 facem
489 3721 695 3810 praetulerit,
726 3724 908 3808 ingressum
942 3723 1093 3806 consilio,
1128 3724 1326 3806 hortatione,
1361 3721 1501 3808 denique

357 3832 508 3921 exemplo
536 3843 568 3898 et
594 3836 788 3898 auctoritate
817 3856 971 3920 praesens
994 3833 1176 3916 adiuverit,
1200 3834 1254 3920 pia
1276 3833 1501 3897 recordatione

357 3945 499 4009 libenter
520 3943 644 4009 recolo:
668 3943 859 4029 singillatim
881 3928 1059 4032 perstringi
1081 3966 1140 4008 nec
1162 3953 1270 4030 potest
1291 3965 1352 4008 nec
1374 3943 1423 4006 fas
1440 3953 1499 4007 est.

357 4057 479 4120 Veram
511 4067 620 4120 autem
653 4058 794 4141 gratiam
821 4057 893 4120 viro
925 4058 1058 4141 egregio
1092 4058 1139 4119 ita
1171 4032 1301 4117 demum
1334 4053 1501 4118 rettulisse

357 4166 440 4230 mihi
462 4166 615 4248 videbor,
644 4167 673 4230 si
700 4189 765 4230 uno
792 4165 938 4231 alterove
965 4167 1062 4232 huius
1091 4164 1193 4230 libelli
1222 4159 1413 4250 argumento
1436 4188 1500 4229 non

357 4278 480 4362 frustra
501 4300 553 4340 me
580 4277 642 4340 hac
670 4276 845 4363 disciplina
872 4299 968 4342 usum
996 4300 1067 4342 esse
1094 4278 1159 4363 ipsi
1185 4277 1382 4363 probavero:
1413 4276 1500 4362 quod

358 4390 387 4452 si
418 4386 495 4474 quid
524 4411 575 4451 me
602 4386 706 4459 latuit,
723 4389 864 4452 invitum
891 4382 963 4452 si've
991 4388 1070 4475 quid
1098 4410 1209 4452 eorum
1236 4410 1319 4474 qnae
1345 4389 1500 4488 proposui

282 4565 290 4588 ι
357 4508 446 4563 rccto
469 4498 535 4563 talo
563 4507 649 4562 stare
676 4522 741 4564 non
769 4499 953 4582 videbitur,
989 4498 1043 4563 vel
1070 4499 1106 4562 id
1136 4497 1228 4563 illum
1256 4522 1314 4585 pro
1342 4496 1501 4583 singulari

358 4611 428 4674 eius
457 4609 661 4694 indulgentia
687 4612 782 4696 aequi
810 4610 888 4675 boni
910 4611 1072 4674 facturum
1095 4609 1237 4692 confido,
1266 4609 1353 4695 apud
1377 4619 1499 4674 cetoros

357 4742 467 4785 earum
489 4743 596 4788 rerum
617 4721 756 4787 arbitros
779 4723 908 4787 veniam
931 4743 982 4789 me
1005 4724 1252 4807 impetraturum
1274 4742 1378 4809 spero.
