3709 5634
405 631 427 693 2
670 652 673 658 ·
839 643 952 691 csrvr
974 643 1122 690 rnrnvn.

408 801 499 884 lege,
513 798 748 871 nonrestituta
769 797 913 881 cogitare
934 797 1094 863 iubemur.
1124 795 1194 860 Nec
1214 795 1318 880 magis
1340 792 1557 861 verisimilem

407 900 518 966 reddit
531 890 629 966 istam
645 900 831 986 opinionem
846 908 916 963 tota
930 899 1189 984 fragmentorum
1211 899 1423 984 superstitum
1444 896 1556 963 condi-

408 1003 475 1067 cio:
501 1025 597 1088 quam
618 1024 686 1066 rem
711 1024 789 1066 mox
815 999 964 1087 pluribus
992 1005 1147 1087 exequar.
1184 998 1326 1066 Omnino
1350 1022 1392 1064 ne
1413 999 1559 1084 egebant

408 1103 542 1191 quidem
556 1103 716 1169 eiusmodi
730 1103 938 1169 restitutione
953 1101 1107 1184 Romani,
1131 1123 1268 1188 quorum
1284 1102 1429 1167 omnium
1448 1101 1484 1164 in
1499 1123 1557 1166 ore

408 1228 447 1270 ac
461 1206 626 1271 mentibus
641 1206 779 1272 rudibus
796 1205 903 1270 adhuc
918 1213 951 1269 et
965 1203 1097 1269 incultis
1112 1207 1243 1290 penitus
1260 1205 1364 1269 infixa
1379 1213 1450 1269 erat
1471 1201 1557 1288 legis

408 1308 581 1374 memoria:
599 1331 665 1395 qua
680 1307 810 1394 quidem
825 1307 897 1392 lege
913 1317 946 1393 ct
961 1307 1057 1392 aequi
1077 1305 1159 1370 iuris
1178 1308 1264 1372 inter
1279 1306 1370 1372 cives
1386 1316 1559 1392 tamquam

407 1409 589 1497 palladium
604 1419 762 1474 statutum
778 1419 811 1474 et
830 1409 960 1495 insigne
981 1407 1112 1493 linguae
1132 1409 1291 1496 scriptum
1312 1417 1559 1473 monumentum
1619 1485 1621 1488 Ι

408 1511 533 1577 editum
553 1534 625 1576 esse
645 1511 874 1596 gloriarentur.
905 1510 989 1576 Inde
1009 1511 1111 1595 igitur
1131 1510 1282 1575 effectum
1303 1519 1368 1594 est,
1390 1519 1427 1574 ut
1447 1508 1559 1594 legem

407 1614 492 1680 bens
505 1635 602 1679 nosse
617 1614 704 1678 inter
723 1613 880 1700 primaria
901 1613 984 1680 civis
1000 1612 1140 1678 Romani
1160 1612 1271 1679 officia
1292 1611 1426 1700 publica
1446 1633 1559 1677 cense-

409 1725 502 1781 retur
517 1725 615 1803 atque
629 1715 678 1780 its
691 1737 833 1803 -quae
848 1724 920 1780 erat
935 1713 1048 1802 populi
1065 1713 1260 1802 simplicitas
1276 1725 1310 1780 et
1324 1715 1451 1802 antiqui
1464 1714 1558 1782 insti-

408 1819 472 1884 tuti
495 1826 708 1884 conservator
729 1817 856 1882 animus
878 1855 919 1864 -
940 1839 999 1903 per
1019 1816 1084 1881 tria
1107 1816 1175 1881 fere
1197 1815 1330 1882 saecula
1356 1825 1389 1880 et
1415 1817 1558 1882 forensis

407 1943 486 1985 usus
502 1930 535 1986 et
549 1920 765 1985 institutionis
781 1919 979 1986 domesticae
999 1919 1061 1991 hoc
1081 1942 1146 1986 non
1167 1919 1272 1985 solum
1292 1918 1558 2000 fundamentum,

409 2022 468 2088 sed
489 2023 598 2108 ipsum
618 2031 848 2107 argumentum
868 2031 1086 2108 permaneret.
1129 2021 1215 2086 Nam
1236 2019 1396 2109 quidquid
1416 2041 1474 2108 per
1494 2019 1559 2086 hoc

408 2124 565 2211 temporis
586 2125 729 2210 spatium
749 2123 938 2209 vigentibus
959 2123 1040 2188 iuris
1062 2123 1178 2189 studiis
1203 2123 1357 2188 collatum
1377 2132 1428 2188 est
1448 2123 1568 2210 adius

410 2226 507 2291 civile
520 2225 767 2312 provehendum
783 2235 815 2291 et
830 2225 1046 2291 excolendum
1053 2273 1063 2309 ,
1083 2225 1118 2291 id
1141 2247 1235 2292 omne
1258 2235 1316 2290 aut
1337 2225 1372 2288 in
1394 2225 1559 2291 actione

409 2327 500 2413 legis¹
512 2337 571 2392 aut
590 2327 626 2390 in
644 2327 990 2413 interpretatione
1012 2329 1197 2414 ponebatur
1209 2328 1260 2413 1);’
1276 2328 1390 2414 quain
1405 2349 1441 2392 re
1456 2349 1559 2415 quan·

409 2439 464 2494 tae
478 2429 630 2514 religioni
645 2429 746 2494 fucrit
765 2429 800 2492 in
814 2429 895 2514 ipsis
918 2429 1000 2514 legis
1017 2430 1144 2512 verbis,
1165 2429 1219 2496 vel
1239 2429 1297 2496 ubi
1320 2429 1470 2495 sufficere
1492 2452 1560 2494 non

409 2529 618 2614 viderentur,
638 2532 836 2616 persistere,
858 2533 988 2617 insigne
1015 2530 1201 2620 exemplum
1222 2532 1305 2598 Gaio
1328 2529 1466 2618 aliisque
1492 2553 1559 2595 me-

410 2641 572 2715 moratur,
588 2633 675 2720 quod
690 2635 768 2698 ‘eum
783 2640 836 2712 qui
849 2638 887 2698 de
901 2639 1006 2699 ritibus
1020 2641 1142 2700 succisis
1156 2641 1198 2699 iia
1213 2641 1331 2715 egisset,
1348 2645 1380 2698 ui
1394 2641 1425 2698 iu
1441 2641 1558 2698 actione

410 2742 482 2800 uites
495 2741 675 2810 nominaret,
691 2756 865 2816 responsum
879 2748 923 2800 esi
936 2757 999 2801 rem
1008 2741 1195 2818 perdidissa
1219 2743 1291 2819 quia
1307 2741 1451 2800 debuisset
1465 2741 1558 2800 urbo-

410 2848 460 2903 rcs
473 2844 629 2902 nominare
642 2858 677 2902 eo
691 2843 772 2918 quod
783 2846 836 2903 lex
849 2843 921 2902 XII
933 2843 1116 2912 tabularum,
1137 2860 1178 2903 cx
1192 2859 1252 2918 qua
1267 2844 1305 2903 cle
1319 2843 1423 2904 vitibus
1437 2844 1559 2902 succisis

410 2947 488 3005 actio
501 2950 686 3020 competeret,
699 2947 882 3019 qmualirer
896 2946 934 3006 de
945 2946 1101 3006 arboribus
1112 2947 1233 3006 succisis
1242 2948 1423 3020 loqueretur’
1438 2938 1557 3026 (Gaius

411 3042 494 3106 Inst.
510 3042 561 3107 IV
584 3045 634 3107 11.
654 3043 733 3128 Dig.
749 3044 802 3126 47,
819 3044 849 3125 7,
873 3044 890 3107 i
907 3066 978 3130 sqq.
1000 3042 1042 3108 cf.
1066 3041 1192 3106 Plinius
1207 3041 1249 3108 N.
1266 3041 1309 3108 H.
1326 3041 1413 3107 XIV
1431 3044 1459 3124 1,
1476 3041 1557 3126 9).²)

411 3143 528 3230 Itaque
543 3144 642 3208 etiam
658 3144 693 3208 in
708 3145 814 3230 primo
830 3145 911 3210 iuris
927 3145 1032 3210 civilis
1050 3143 1162 3210 codice
1178 3167 1242 3230 quo
1259 3145 1364 3210 omnis
1381 3166 1464 3231 quae
1480 3153 1559 3208 tunc

410 3245 596 3331 comparuit
610 3245 691 3309 iuris
707 3247 845 3310 materia
859 3246 952 3332 quasi
967 3247 1083 3312 horreo
1100 3245 1336 3332 comprehensa
1351 3255 1410 3327 est,
1423 3247 1456 3309 in
1472 3243 1557 3310 libro

317 3400 320 3406 .
411 3345 482 3410 dico
498 3346 574 3412 Sex.
586 3345 675 3411 Aelii
687 3347 762 3412 Cati
779 3351 859 3429 (cos.
875 3371 905 3412 a.
922 3347 1043 3436 IOLV)
1061 3349 1117 3435 qui
1132 3348 1338 3434 ‘Tripertita'
1354 3345 1557 3428 inscribitur,

411 3447 466 3511 lex
480 3447 553 3512 XII
566 3449 750 3535 perscripta
765 3448 984 3515 exhibebatur
1005 3449 1160 3515 adiuncta
1180 3459 1212 3515 et
1232 3449 1503 3536 interpretatione
1525 3457 1559 3513 et

411 3547 494 3632 legis
509 3551 682 3636 actione.³)
697 3589 741 3599 —-
756 3550 849 3632 Quae
869 3560 981 3616 tamen
996 3553 1174 3618 auctoritas
1189 3560 1225 3616 ut
1246 3550 1476 3638 impedimento
1492 3571 1558 3615 non

411 3648 489 3731 fuit,
506 3651 677 3736 quominus
693 3651 855 3738 quaedam
869 3676 912 3718 ex
927 3653 1009 3738 legis
1024 3654 1208 3741 praeceptis
1223 3653 1291 3717 iam
1305 3651 1363 3717 illa
1378 3662 1486 3718 aetate
1501 3651 1557 3718 ab·

409 3763 660 3836 rogarentur-
680 3754 764 3819 sicut
784 3754 977 3842 plebeiscito
999 3755 1155 3821 Canuleio
1177 3755 1351 3821 conubium
1373 3754 1462 3842 plebi
1482 3777 1557 3819 cum

410 3853 560 3940 patribus
576 3854 691 3920 datum
706 3866 774 3939 est,
790 3857 879 3943 quod
893 3880 934 3921 ne
946 3859 1037 3922 ⁴esset
1052 3857 1106 3923 lex
1122 3867 1293 3942 sanxerat3
1316 3867 1373 3922 aut
1388 3857 1557 3944 aliquanto

411 3964 487 4042 post
501 3954 573 4040 lege
588 3957 723 4044 Aquilia
737 3959 848 4024 omnia
862 3960 982 4046 quibus
997 3961 1032 4024 in
1047 3959 1118 4024 XII
1138 3959 1179 4024 de
1195 3959 1314 4024 damno
1329 3958 1467 4024 iniuriae
1482 3980 1557 4024 cau·

414 4194 448 4229 ae
465 4184 564 4245 postca
582 4180 703 4247 demum,
722 4197 784 4233 cnm
801 4182 857 4234 iam
874 4199 925 4250 per
943 4182 993 4236 On.
1012 4182 1140 4236 Flavium
1160 4183 1265 4250 publici
1281 4183 1348 4235 iuris
1366 4183 1436 4236 facti
1454 4187 1575 4248 essent·

414 4263 531 4315 additos.

482 4346 502 4410 ¹)
522 4350 558 4400 ci.
576 4350 743 4418 Pomponius
759 4354 824 4419 Dig.
844 4355 869 4417 1,
888 4355 914 4418 2,
932 4356 948 4404 2
966 4353 981 4416 ξ
1000 4357 1024 4406 5.
1043 4357 1068 4407 6.

481 4431 502 4496 ²)
521 4435 763 4500 Interpretationis
775 4437 910 4504 'exempla
928 4439 965 4492 cf.
985 4438 1070 4490 Gaius
1088 4440 1102 4490 Ι
1122 4441 1178 4490 165.
1198 4437 1339 4502 lust.1.l‚
1360 4439 1400 4492 17,
1419 4437 1557 4506 Ulpianus

412 4518 449 4572 D.
466 4519 513 4582 26,
530 4521 560 4581 4,
579 4523 595 4570 3
613 4537 655 4586 pr.
674 4525 696 4574 1.
725 4522 829 4574 Paulus
852 4525 882 4573 in
900 4522 1057 4574 collatione
1079 4524 1135 4589 leg.
1158 4525 1227 4574 Mos.
1251 4529 1280 4574 ct
1302 4525 1378 4575 Rom.
1399 4527 1461 4576 XVI
1480 4530 1509 4588 3,
1530 4530 1556 4577 3.

412 4603 773 4667 1).ao,1o‚cassass.
797 4609 882 4673 sus,
903 4608 1015 4670 1‚1a1.
1097 4609 1100 4619 ¹
1231 4652 1234 4659 .

481 4685 502 4751 ³)
522 4689 558 4738 cf.
576 4689 742 4756 Pomponius
760 4695 795 4742 D.
815 4695 840 4756 1,
858 4695 884 4757 2,
902 4697 917 4743 2
936 4696 951 4755 ἓ
969 4694 1015 4757 38,
1036 4709 1089 4758 quo
1108 4692 1142 4743 de
1160 4693 1235 4744 inira
1252 4693 1333 4760 plura
1350 4695 1432 4750 dabo.
