3709 5634
750 655 888 705 uaevua
910 657 957 709 tx.
980 660 1013 707 x.
1401 640 1461 705 153

318 808 507 874 tabularum
529 809 621 875 iubet
643 833 718 874 cum
746 782 801 897 dui
829 809 958 879 hostem
987 812 1201 879 concitauerit
1229 786 1328 900 quide
1355 812 1462 877 ciuem

318 910 406 978 hosti
428 911 602 1017 tradiderit
624 914 731 999 capite
753 914 889 999 puniri.'

760 1118 943 1185 TABVLA
973 1118 1017 1184 X.

876 1276 904 1339 l.

403 1394 567 1441 HOMlNEM
590 1394 761 1441 MORTVVM
789 1394 826 1439 IN
848 1394 940 1440 VRBE
963 1394 1008 1440 NE
1032 1394 1201 1442 SEPELI'I'O
1229 1395 1321 1441 NEVE
1343 1395 1461 1445 VRITO.
1506 1400 1510 1413 ¹

329 1632 331 1637 -
403 1598 473 1647 Hoc
496 1598 582 1646 PLVS
605 1598 650 1645 Nu
673 1597 814 1648 FAOITO:
838 1598 962 1648 ROGVM
985 1597 1095 1647 ASOEA
1118 1598 1163 1645 NE
1186 1599 1325 1647 POLITO.

402 1785 517 1851 Cicero
539 1785 580 1850 de
595 1784 658 1870 leg.
675 1786 778 1868 1123,
801 1786 853 1851 59.
871 1685 1084 1852 {extenuato
1100 1786 1203 1870 igitur
1218 1795 1365 1872 eumptn,
1389 1788 1461 1852 tri-

318 1888 390 1954 bus
421 1888 586 1952 reciniie
620 1894 735 1955 relictis
772 1898 805 1953 et
838 1911 914 1953 uno
947 1888 1071 1954 clauo·
1096 1910 1300 1974 purpurae
1332 1898 1365 1953 et
1397 1889 1461 1954 de-

317 2012 401 2055 cem
423 1990 663 2057 tibicinibue
687 1990 774 2056 tollit
796 1991 896 2056 etiem
916 1989 1208 2056 lamentationem?
1240 1996 1297 2054 vid.
1314 2012 1348 2071 p.
1365 2003 1461 2071 5osq.

384 2251 409 2301 X
429 2253 452 2300 1.
473 2250 572 2300 Cicero
592 2250 625 2300 de
644 2249 697 2315 leg.
715 2250 744 2300 11
762 2252 803 2312 23,
823 2252 856 2301 58
874 2253 929 2299 ‘set
948 2265 1063 2315 quaero,
1083 2249 1214 2314 quidnam
1237 2252 1320 2300 sitin
1339 2252 1459 2318 legibue.

317 2337 350 2391 M.
368 2322 465 2386 Pauca
484 2350 564 2396 eane,
585 2335 664 2400 Tite,
685 2339 713 2384 et
730 2339 761 2384 ut
780 2335 899 2385 arbitror
917 2351 971 2385 non
985 2336 1081 2400 ignota
1094 2335 1181 2386 uobis.
1207 2335 1262 2385 Sed
1281 2351 1313 2385 ca
1332 2342 1461 2387 nontam

318 2422 352 2471 ad
371 2421 533 2485 religionem
552 2424 680 2485 spectant
698 2434 780 2483 quam
800 2420 836 2469 ud
863 2422 906 2471 ius
929 2420 1127 2485 sepulcrorum.
1163 2421 1352 2470 ‘Hominem
1376 2438 1462 2471 mor-

316 2511 420 2557 tuum’
439 2504 529 2571 inquit
547 2503 638 2554 lexin
656 2504 800 2555 duodecim
819 2502 910 2570 (milia
928 2507 989 2555 add.
1009 2505 1084 2556 Leid.
1104 2509 1127 2554 Α
1148 2522 1182 2556 ex
1200 2507 1287 2555 littera
1306 2522 1371 2571 quae
1382 2524 1462 2571 prae-

317 2593 385 2645 cedit
402 2599 495 2649 orteia,
517 2592 583 2641 unde
605 2592 669 2640 mele
692 2592 805 2642 editores
833 2591 863 2640 in
884 2590 940 2640 XII
962 2589 1083 2653 tabulis)
1107 2591 1156 2639 ‘in
1180 2626 1186 2639 .
1212 2594 1262 2641 ..’
1303 2591 1392 2643 Credo
1414 2592 1462 2642 uel

316 2680 428 2745 propter
455 2676 529 2742 ignis
555 2675 718 2741 periculum.
761 2676 839 2738 Quod
866 2679 959 2725 autem
989 2675 1066 2737 addit
1092 2680 1191 2729 ‘neue
1218 2676 1324 2726 urito’
1354 2676 1462 2728 iudicat

316 2778 372 2813 non
395 2762 442 2827 qui
463 2764 560 2811 uratur
583 2761 711 2827 sepeliri,
733 2761 783 2811 aed
806 2762 852 2826 qui
873 2760 1022 2811 humetur.'
1057 2758 1179 2811 Isidorus
1203 2759 1282 2827 Orig.
1304 2762 1357 2812 XV
1380 2764 1460 2827 11,1

317 2848 413 2899 ‘Prius
438 2849 530 2897 autem
553 2846 667 2911 quiaque
688 2846 716 2895 in
742 2846 820 2897 domo
843 2860 894 2896 aue
919 2845 1116 2909 sepeliebatur.
1152 2844 1256 2896 Poetea
1278 2846 1395 2896 uetitum
1419 2853 1462 2897 eat

316 2933 434 3000 legibus,
453 2947 489 2983 ne
501 2931 607 2983 foetore
620 2931 681 2997 ipeo
694 2929 796 2997 (ipsa?)
816 2945 933 2996 corpora
950 2930 1104 2981 uiuentium
1117 2933 1248 2981 contacta
1260 2930 1460 2983 inficerentur.'

304 3052 308 3061 -
384 3020 409 3073 2.
429 3017 526 3069 Cicero
545 3016 582 3067 ib.
602 3018 634 3069 59
653 3018 723 3068 ‘Iam
743 3020 838 3068 cetere
856 3017 886 3067 in
897 3015 953 3066 XII
971 3014 1113 3065 minuendi
1131 3019 1256 3080 eumptue
1275 3021 1339 3066 aunt
1356 3016 1461 3067 lemen·

316 3104 488 3169 tutionieque
511 3102 650 3166 funebria,
673 3102 812 3153 trebelata
834 3101 868 3153 de
892 3101 1002 3153 Solonio
1025 3100 1083 3153 fere
1108 3099 1226 3167 legibue.
1262 3101 1349 3153 ‘Hoc
1367 3101 1460 3167 plua'

316 3190 408 3255 iuquit
425 3194 481 3240 ‘ne
501 3226 507 3239 .
527 3226 534 3241 .
554 3192 572 3237 .’
723 3236 726 3241 .

384 3277 409 3328 3.
427 3274 468 3325 Id.
482 3274 520 3327 ib.
534 3273 576 3338 25,
589 3274 623 3323 64
641 3273 759 3325 ‘Postea
778 3288 871 3339 quom,
890 3277 921 3323 ut
934 3272 1032 3324 scribit
1048 3272 1209 3334 Phalereue‚
1228 3276 1390 3338 sumptuosa
1402 3270 1462 3321 fieri

317 3360 417 3411 funera
441 3362 469 3409 et
495 3357 687 3409 lamentabilia
715 3359 886 3425 coepissent,
912 3357 1021 3409 Solonio
1050 3357 1112 3423 lege
1137 3356 1251 3408 eublata
1275 3362 1354 3419 eunt,
1379 3371 1460 3421 quam

316 3446 408 3511 legem
427 3443 531 3494 eisdem
549 3459 634 3509 prope
651 3443 744 3495 uerbis
757 3446 845 3494 nostri
858 3443 1007 3495 decemuiri
1023 3444 1052 3493 in
1072 3442 1235 3493 decimam
1253 3442 1378 3492 tabulam
1397 3458 1460 3492 con·

315 3531 454 3581 iecerunt:
483 3544 547 3579 nam
570 3527 603 3579 de
631 3528 719 3579 tribue
746 3529 859 3586 reciniie
886 3534 915 3579 et
937 3528 1069 3594 pleraque
1092 3527 1144 3577 ille
1167 3527 1276 3577 Solonis
1299 3525 1381 3580 aunt)
1423 3528 1460 3581 cl.

315 3614 475 3665 Ammianus
492 3612 617 3666 Marcell.
635 3612 699 3663 XVI
718 3616 742 3677 5,
763 3617 787 3666 1.
810 3614 911 3665 Festus
929 3630 957 3679 p.
976 3616 1026 3664 274
1044 3612 1261 3683 M.·‘Recinium
1280 3627 1358 3662 omne
1378 3614 1460 3664 ueati-

316 3703 437 3751 mentum
456 3697 620 3764 quadratum
639 3699 665 3749 ei
684 3698 730 3763 qui
748 3698 802 3749 XII
819 3699 998 3764 interpretati
1009 3703 1086 3762 aunt,
1106 3712 1167 3748 esee
1181 3697 1322 3760 dixerunt3
1341 3698 1384 3746 uir
1396 3702 1461 3763 toga

317 3782 442 3848 (Verrius
460 3788 554 3850 togam
566 3798 622 3849 qua
634 3784 739 3847 Lipsius
751 3784 836 3849 Epist.
851 3782 897 3845 Qu.
910 3784 927 3833 Ι
941 3780 966 3849 7)
986 3783 1115 3834 mulieres
1126 3782 1276 3833 utebantur
1288 3787 1461 3847 praetextam

317 3867 396 3919 clauo
408 3872 556 3934 purpureo'
577 3884 600 3919 e.
614 3884 638 3933 q.
652 3884 674 3919 e.
709 3869 812 3919 Nonius
829 3885 856 3933 p.
875 3869 924 3919 542
943 3869 1071 3927 ‘ricinum
1090 3865 1117 3931 (l.
1136 3866 1273 3932 ricinium)
1293 3866 1364 3932 quod
1388 3883 1461 3918 nunc

316 3954 476 4004 mafurtium
494 3952 610 4017 dieitur,
628 3952 778 4019 palleolum
796 3953 944 4003 femineum
964 3947 1057 4006 breue.
1092 3954 1181 4001 Varro
1200 3952 1233 4001 de
1252 3953 1312 4001 uita
1328 3968 1355 4017 p.
1369 3952 1401 4005 R.
1414 3953 1461 4003 l.1

316 4042 363 4089 ‘et
379 4038 406 4100 (l.
426 4037 471 4103 ex)
491 4054 543 4103 quo
563 4038 694 4090 mulieres
712 4038 741 4087 iu
760 4037 884 4089 aduersis
904 4038 986 4088 rebue
1006 4054 1039 4087 ac
1058 4036 1193 4097 luctibus,
1214 4051 1275 4086 cum
1294 4052 1400 4087 omnem
1413 4052 1460 4086 ue-

316 4123 412 4173 stitum
433 4123 625 4174 delicatiorem
650 4140 683 4174 ae
700 4124 867 4174 luxuriosum
889 4127 1007 4187 ponunt,
1030 4122 1129 4172 ricinia
1147 4124 1278 4172 sumunt!
1315 4121 1352 4174 cf.
1372 4122 1461 4171 Varro

317 4208 350 4259 de
369 4208 387 4257 l.
406 4208 425 4258 l.
439 4209 463 4259 V
476 4210 532 4260 132.
551 4207 663 4259 Seruius
681 4208 716 4258 ad
728 4209 795 4260 Aen.
810 4209 824 4258 Ι
841 4209 900 4258 282.
920 4208 1043 4257 Thomae
1056 4207 1138 4257 Thea.
1151 4222 1214 4257 nou.
1227 4205 1307 4261 latin.
1320 4222 1345 4271 p.
1360 4209 1409 4278 59⁸
1422 4206 1459 4255 M.

317 4293 412 4343 decem
436 4290 555 4358 tibicin.]
577 4294 613 4343 cf.
634 4292 712 4343 Ouid.
733 4294 812 4344 Faet.
831 4295 870 4346 VI
888 4293 938 4343 657
956 4307 997 4356 eq.

404 4537 431 4593 l.
458 4554 491 4593 ne
513 4538 585 4593 urito
604 4538 703 4609 priore
732 4538 792 4593 loco
814 4536 892 4594 leid.
918 4536 976 4591 ΒΗ
992 4539 1021 4592 in
1042 4536 1068 4592 Α
1097 4552 1131 4591 ne
1152 4533 1268 4609 sepelito
1290 4552 1360 4591 neue
1387 4535 1461 4590 urito

316 4627 358 4677 est
374 4623 403 4676 in
419 4638 479 4679 ras.
567 4623 595 4678 2.
618 4638 695 4679 aseae
710 4622 789 4679 Leid.
806 4622 893 4678 ΑΒΗ
915 4622 956 4695 cf.
981 4622 1125 4678 Votienus
1139 4623 1167 4676 in
1184 4622 1289 4677 Annal.
1306 4624 1351 4676 rei
1363 4637 1459 4693 pymn.

316 4707 418 4763 Auser.
436 4711 512 4765 1860
524 4726 555 4781 p.
574 4712 628 4765 20.-
644 4708 715 4765 esoia
729 4713 779 4765 ctt.
