3709 5634
447 629 495 676 m:
517 627 569 675 xrr
591 625 805 677 ranvnanvu
826 625 1004 690 nnnrovrrs
1027 627 1274 680 conmonums.
1387 613 1429 678 49

288 781 337 870 (ΙΙ
353 780 419 867 13),
438 783 487 846 11.
503 821 546 831 -
559 784 717 850 Attamen
736 801 841 869 neque
862 782 912 847 his
925 781 1013 848 locis
1034 781 1178 848 traditur
1197 783 1365 870 antiquam
1385 783 1429 848 le·

286 907 360 970 gem
375 907 396 950 a
409 883 503 951 Sulla
516 885 701 950 restitutam
717 907 788 950 esse
802 907 908 971 neque
924 886 1054 951 omnino
1078 886 1119 952 de
1134 887 1344 974 sumptuariis
1360 886 1429 950 eius

286 987 378 1054 modi
391 987 463 1052 XII
479 987 607 1072 legibus
623 985 803 1074 quidquam
818 986 951 1053 aliunde
965 989 1118 1056 innotuit.
1150 990 1243 1071 Quae
1260 990 1289 1053 si
1305 988 1430 1053 extitis-
1517 1041 1519 1046 ,

286 1098 375 1174 sent,
391 1087 631 1176 expectandum
652 1098 723 1156 erat
743 1098 832 1158 certe
847 1089 990 1157 Gellium
1011 1101 1044 1156 et
1057 1091 1279 1175 Macrobium‚
1301 1093 1356 1178 qui
1377 1091 1430 1156 de-

287 1193 357 1259 dita
376 1200 709 1281 opera·conspectum
729 1191 839 1278 legum
864 1192 1142 1280 sumptuariamm
1162 1181 1302 1279 egerunt‘
1321 1217 1363 1260 ex
1384 1193 1430 1258 di·

286 1294 392 1362 versis
407 1304 547 1381 uterque
561 1293 709 1360 fontibus
724 1293 876 1361 haustam
890 1333 934 1345 -
949 1318 991 1362 ex
1001 1295 1256 1382 CapitonisAtei
1271 1296 1430 1362 coniecta·

285 1399 356 1464 neis
378 1396 506 1464 Gellius
520 1418 568 1445 ‘—
589 1395 632 1463 de
651 1394 710 1460 illa
728 1395 800 1482 lege
820 1397 978 1483 primaria
998 1398 1095 1462 unius
1117 1399 1212 1464 verbi
1233 1399 1432 1464 mentionem

286 1500 463 1566 iniecturos
479 1520 566 1564 esse:
583 1499 639 1585 qui
654 1507 854 1564 tamen-oum
872 1499 983 1587 plures
998 1499 1101 1566 fuisse
1113 1500 1182 1565 eius
1199 1501 1329 1586 generis
1341 1500 1431 1586 leges

287 1602 386 1668 etiam
400 1611 475 1667 ante
490 1600 677 1668 Corneliam
693 1599 813 1667 docent
819 1650 828 1684 ,
850 1610 919 1666 tum
936 1602 1093 1689 ‘primam
1107 1605 1249 1668 omnium
1266 1603 1307 1668 de
1322 1604 1431 1668 coenis

287 1705 393 1790 legem
413 1705 456 1770 ad
475 1701 633 1791 populum
648 1702 805 1768 Orchiam
826 1705 1036 1790 pervenisse’
1059 1704 1103 1790 (a.
1119 1729 1151 1771 u.
1168 1705 1345 1790 IOLXXI)
1362 1704 1431 1769 Ma-

286 1806 418 1872 crobius
440 1806 562 1873 diserte
583 1814 733 1873 testatur.
770 1805 902 1872 Erroris
927 1806 1031 1892 igitur
1051 1808 1175 1873 crimen
1196 1809 1254 1874 vix
1282 1807 1433 1891 effugerit

288 1909 499 1974 Ammianus:
527 1908 621 1974 cuius
643 1930 718 1972 eum
736 1906 792 1973 vel
816 1909 922 1994 magis
950 1909 1119 1976 convincit
1144 1932 1240 1997 quem
1267 1917 1432 1975 auctorem

289 2033 348 2076 nec
373 2031 453 2076 vero
476 2011 601 2078 socium
626 2010 747 2074 erroris
769 2009 850 2074 mihi
875 2009 990 2076 videor
1012 2011 1267 2098 deprehendere.
1305 2010 1430 2097 Nempe

288 2113 429 2180 Cicero
446 2112 487 2178 de
501 2112 566 2198 leg.
584 2112 675 2177 1123
691 2134 762 2199 sqq.
783 2110 865 2197 legis
882 2111 954 2178 XII
969 2103 1155 2180 tabularum
1177 2114 1219 2178 de
1240 2123 1372 2200 sumptu
1391 2114 1432 2176 in

286 2215 499 2281 funeribus
519 2213 694 2279 minuendo
709 2224 888 2301 praecepta
900 2215 1045 2282 illustrat
1051 2264 1060 2299 ,
1082 2215 1202 2302 quibus
1217 2223 1347 2303 praeter
1368 2209 1448 2280 alia'

287 2326 481 2405 sumptuosa
502 2325 668 2382 murratae
687 2317 830 2403 potionis
852 2318 1013 2404 respersio
1036 2319 1246 2404 omnisque
1266 2319 1434 2382 circum·

287 2419 444 2506 potatio
462 2417 594 2485 sublata
608 2419 654 2485 sit
672 2418 729 2503 (24
748 2417 839 2506 ξθθ)
864 2441 967 2506 eaque
989 2443 1031 2486 ox
1051 2428 1143 2507 parte
1158 2419 1365 2486 translata
1387 2420 1434 2484 de

287 2520 454 2588 Solonis
475 2522 562 2586 fere
585 2518 745 2606 legibus
764 2531 934 2608 nuncupat
957 2522 1012 2607 (23
1034 2521 1121 2604 §ta
1144 2523 1187 2612 25
1208 2523 1309 2608 564).
1347 2521 1435 2587 Hinc

287 2624 389 2709 igitur
402 2623 631 2707 Ammianum,
653 2623 861 2710 quiquidem
875 2632 997 2710 quanto
1019 2623 1128 2690 studio
1150 2624 1341 2691 Ciceronem
1361 2645 1434 2711 pro-

288 2735 458 2814 sequatur,
473 2747 539 2792 non
552 2747 619 2791 uno
634 2723 848 2792 historiarum
868 2724 940 2792 loco
956 2726 1071 2794 videre
1091 2726 1183 2810 licet,
1205 2737 1435 2812 argumentum

288 2830 446 2916 repetisse
466 2836 565 2912 atque
587 2827 746 2893 memoria
766 2826 897 2914 lapsum
923 2828 966 2893 ad
989 2829 1122 2894 diversa
1146 2827 1354 2895 transtulisse
1374 2850 1433 2916 pro

289 2931 456 3020 explorato
481 2930 601 2996 habeo:
629 2929 822 3018 praesertim
846 2951 922 2994 cum
949 2930 1046 2996 facile
1065 2929 1177 2995 fraudi
1198 2953 1270 2996 esse
1291 2930 1435 3016 potuerit

290 3033 399 3099 Sullae
415 3032 617 3120 comparatio
633 3033 690 3119 qui
705 3031 912 3098 defunctum
927 3024 1055 3120 quoque
1067 3041 1200 3120 sumptu
1211 3031 1331 3098 similia
1342 3053 1434 3118 prae-

289 3136 432 3224 scripsit:
449 3135 491 3201 cf.
508 3135 594 3202 Plut.
608 3133 692 3201 Sull.
709 3136 751 3200 35
770 3136 829 3201 τὸν
845 3135 1237 3218 concionaturum
1254 3135 1314 3215 τὴν
1333 3135 1434 3200 δαπά-

288 3261 347 3320 νην
362 3240 466 3321 νόμον
482 3239 580 3305 αὐτὸ(
601 3237 812 3320 εἰεενηνοχὼε
833 3239 956 3321 παρέβη
978 3238 1115 3319 μηδενὸς
1136 3237 1348 3319 ἀναλώματος
1368 3257 1435 3318 φει-

291 3345 435 3427 caperon.
1255 3395 1259 3398 .

372 3447 427 3512 De
446 3443 635 3510 Pliniano
657 3443 792 3531 quidem
811 3442 883 3510 loco
899 3443 966 3510 VII
981 3444 1038 3528 60,
1054 3443 1117 3508 212
1133 3447 1215 3508 Ἥ]
1227 3447 1334 3508 tubulis
1354 3456 1436 3507 orcus

289 3560 404 3616 rantum
419 3560 449 3613 et
461 3567 586 3613 mensus
600 3553 807 3610 nominamur:
817 3557 887 3626 pou
900 3553 1014 3626 aliquot
1027 3567 1122 3611 aanor
1133 3551 1267 3611 adiectus
1277 3559 1320 3610 ert
1330 3557 1358 3610 et
1372 3565 1436 3610 me-

290 3656 396 3718 ridiea'
412 3651 479 3714 iam
494 3670 595 3735 supra
608 3647 712 3714 verba
726 3647 790 3712 feci
805 3669 838 3734 p.
853 3648 906 3713 11:
923 3649 982 3714 ubi
997 3671 1070 3713 eum
1086 3649 1121 3712 in
1131 3650 1247 3714 ceteris
1260 3647 1435 3712 manifesto

292 3764 438 3820 erratum
459 3752 518 3834 sit,
539 3773 581 3816 ne
595 3750 795 3817 vocabulum
811 3756 926 3816 ‘ortus'
942 3751 1073 3838 quidem
1087 3789 1130 3798 -
1144 3749 1234 3837 quod
1248 3749 1435 3814 Dirksenus

290 3880 354 3944 quo
367 3857 440 3922 inre
454 3879 487 3944 p.
502 3854 562 3920 169
574 3853 618 3918 ad
631 3854 648 3919 l
664 3854 682 3919 7
698 3852 829 3935 referat,
841 3853 913 3940 ipse
928 3853 1051 3920 viderit
1067 3891 1107 3900 ...
1122 3852 1187 3917 fide
1203 3851 1283 3916 satis
1297 3847 1437 3935 ‘dignum

291 3983 361 4027 esse
373 3957 608 4027 contenderim.
624 3956 740 4044 Neque
749 3955 790 4021 de
804 3956 915 4022 verbis
931 3953 1002 4021 XII
1018 3978 1038 4020 a
1053 3953 1194 4021 Servio
1209 3952 1340 4018 traditis
1354 3961 1437 4016 ‘neae

290 4071 420 4130 alienum
441 4072 566 4140 sanctem
590 4066 769 4142 pellexeris'
792 4058 893 4142 (VIII
914 4059 948 4142 8)
972 4056 1171 4124 Gothofredi
1197 4055 1437 4122 dubitationem

291 4176 358 4231 tam
383 4164 483 4230 celeri
502 4164 586 4250 pede
612 4161 779 4230 transilire
800 4160 944 4228 debebat
964 4159 1164 4225 Dirksenus.
1200 4156 1286 4221 Nam
1306 4164 1437 4242 praeter

291 4268 395 4334 verba
416 4273 487 4345 ‘qui
501 4270 611 4345 fruces
630 4269 832 4330 exeuntumit'
857 4263 995 4328 eandem
1021 4259 1216 4328 sententiam
1236 4258 1342 4322 denuo
1363 4257 1436 4320 aliis

171 4424 172 4433 ,
290 4369 401 4438 verbis
417 4390 610 4457 expressam
628 4367 731 4434 fmsse
744 4365 999 4453 haudquaquam
1018 4361 1189 4451 probabile
1205 4370 1265 4426 est.
1298 4358 1438 4424 Accedit

293 4481 401 4538 autem
414 4471 667 4557 gravissimum,
683 4469 773 4558 quod
787 4490 949 4556 nusquam
970 4489 1028 4556 per
1048 4466 1129 4530 haec
1149 4463 1231 4550 legis
1253 4463 1438 4549 fragmenta

293 4575 346 4642 vel
364 4574 591 4641 coniunctivus
605 4573 778 4639 invenitur
803 4592 862 4657 pro
882 4569 1078 4657 imperativo
1099 4566 1152 4634 vel
1172 4565 1277 4633 altera
1296 4586 1439 4651 persona

293 4699 351 4764 pro
365 4680 483 4745 tertia.⁴
498 4679 615 4763 Itaque
629 4674 780 4741 Servium
796 4673 888 4740 cuius
903 4673 939 4738 in
954 4672 1025 4758 lege
1040 4668 1171 4736 citanda
1186 4669 1286 4733 fidem
1300 4667 1368 4730 iam
1383 4687 1437 4730 cx·

343 4789 463 4841 Schoell,
479 4787 544 4839 Legis
560 4786 600 4829 Xll
614 4788 659 4864 (εἰ).
674 4785 735 4839 reliq.
937 4787 939 4790 '
1214 4772 1236 4836 4
