3709 5634
430 654 478 701 nn
501 653 551 700 x11
574 650 787 701 rssvnsavu
809 652 987 716 aaarovus
1010 655 1297 709 cousmrvuunss.
1392 646 1435 711 99

285 810 387 889 furto,
402 812 482 887 quod
495 828 551 873 uec
564 811 755 885 manifestum
769 812 837 873 erii’
854 810 1002 877 futurum
1022 834 1088 878 non
1109 812 1219 880 valere
1238 815 1274 879 in
1293 814 1434 882 relativa

289 909 466 975 sententia:
494 918 570 997 apte
597 909 782 1003 Muellenss·
806 916 960 1009 opppsuit
984 913 1123 982 relativo
1147 916 1258 1002 potius
1286 918 1433 984 membro

286 1013 455 1100 propriam
476 1012 545 1079 uim
567 1011 827 1080 condicionalem
849 1016 1028 1100 contineri,
1049 1028 1088 1083 ut
1107 1017 1152 1085 sit
1172 1018 1260 1085 idem
1282 1030 1381 1106 atque
1396 1024 1437 1083 ‘si

284 1118 404 1191 surium
419 1135 476 1194 quo
491 1120 609 1193 odorat,
624 1136 679 1179 nec
694 1119 884 1194 manifestum
899 1124 978 1182 erit'
994 1159 1036 1167 -
1051 1118 1122 1185 Iam
1137 1141 1216 1186 vero
1232 1120 1320 1208 quod
1330 1119 1433 1186 Muel-

287 1218 376 1283 lerus
392 1216 462 1283 Sor.
477 1217 555 1285 min.
571 1219 589 1284 I
604 1241 636 1305 p.
653 1217 716 1283 382
736 1216 901 1306 plerisque
920 1219 986 1285 illis
1010 1242 1090 1308 quos
1110 1222 1275 1287 recensuit
1294 1222 1366 1288 XII
1384 1231 1433 1289 ta·

285 1318 438 1385 bularum
453 1318 532 1385 locis
549 1326 644 1385 ‘escit'
660 1342 678 1385 e
693 1320 843 1387 codicum
858 1323 985 1389 mendis
1006 1323 1186 1389 emendum
1207 1346 1280 1391 esse
1301 1325 1451 1409 statuit:⁶

286 1421 466 1487 rectissime
482 1422 608 1488 statuit.
617 1422 642 1508 ¹)

370 1524 505 1591 Etenim
519 1545 595 1589 rara
610 1523 716 1591 forma
732 1532 826 1591 ‘escit’
843 1527 983 1593 cumbis
998 1526 1115 1593 saltem
1136 1528 1262 1595 intacta
1283 1513 1318 1594 in
1337 1529 1432 1596 libris

286 1635 439 1693 servatur
454 1628 470 1692 Ι
486 1628 506 1692 3
523 1630 635 1691 ‘uitium
650 1632 735 1693 escii’
758 1638 791 1693 et
806 1628 838 1692 V
854 1629 872 1693 7
890 1633 950 1694 ‘ost
964 1636 995 1695 ei
1006 1640 1103 1695 custos
1116 1651 1172 1695 uec
1185 1638 1283 1705 θεοῖν,
1299 1641 1369 1697 tum
1383 1632 1432 1697 fa·

285 1728 341 1794 oili
356 1729 494 1815 negotio!
506 1727 650 1795 efficitur
662 1751 704 1795 ex
714 1728 872 1797 librorum
884 1730 1047 1817 scriptura
1056 1732 1118 1799 Vb
1128 1737 1167 1797 ‘si
1173 1744 1284 1811 quoius
1295 1732 1332 1821 (l.
1344 1736 1432 1818 uqa.)

285 1837 391 1897 uescit’
407 1832 429 1897 i.
446 1854 473 1897 e.
492 1838 559 1896 ‘uec
573 1838 656 1897 escit’
673 1833 815 1913 (u'escii).
844 1832 939 1899 Idem
952 1832 985 1898 V
1001 1836 1019 1899 7
1035 1836 1261 1901 statuendum:
1284 1836 1343 1900 ubi
1357 1857 1432 1901 cum

283 1934 318 1997 in
332 1933 426 2000 libris
442 1934 539 1999 Auot.
563 1932 606 1998 ad
621 1933 824 1999 Herennium
840 1942 963 2001 ‘existet
970 1943 990 2018 ⁹,
1006 1937 1041 2001 in
1056 1936 1223 2003 Ciceronis
1245 1937 1432 2003 de-invent.

284 2038 374 2114 εθνιί’,
389 2035 424 2101 in
438 2034 700 2101 Tusculanarum
720 2036 805 2124 disp.
822 2038 964 2124 denique
980 2044 1054 2103 ‘esse
1068 2044 1190 2120 iuupie'
1206 2040 1369 2106 constanti
1384 2041 1431 2106 in-

283 2135 500 2225 terpolatione
516 2137 729 2203 substitutum
744 2139 802 2223 sit,
818 2162 902 2205 unus
918 2141 1047 2206 Nonius
1063 2141 1197 2207 Tuscul.
1219 2140 1327 2209 locum
1341 2153 1431 2209 ante-

284 2250 390 2307 status
406 2264 438 2327 p.
454 2240 518 2305 443
540 2248 647 2305 ‘esset'
670 2240 820 2307 tradidit:
843 2242 931 2308 unde
953 2248 1056 2309 ‘escit’
1076 2244 1234 2331 proclivis
1255 2253 1307 2310 est
1326 2253 1430 2311 muta·

283 2343 340 2410 tio.
365 2342 526 2410 Conferas
540 2342 637 2407 modo
652 2344 842 2409 Lucretium
856 2344 874 2409 Ι
889 2344 952 2409 619
972 2350 1057 2427 ‘erpo
1070 2367 1173 2412 rerum
1192 2352 1271 2412 iuter
1285 2365 1430 2411 summum

283 2450 493 2525 minimamque
507 2450 581 2525 quid
594 2446 722 2511 esciii':
737 2468 800 2533 quo
816 2445 887 2511 loco
903 2451 1004 2512 ‘essit'
1022 2446 1193 2534 Oblongus
1201 2497 1211 2532 ‚
1235 2453 1342 2514 ‘esset'
1359 2448 1429 2514 eius

283 2547 485 2635 corrector.²)
504 2547 645 2613 Omnino
655 2548 721 2615 late
736 2557 849 2636 patere
864 2547 1049 2617 litterarum
1063 2572 1096 2615 ss
1112 2559 1146 2615 et
1160 2571 1195 2615 sc
1206 2550 1243 2614 in
1252 2550 1346 2617 libris
1358 2572 1429 2638 per-

282 2650 501 2718 turbationem
515 2660 603 2717 recte
617 2659 729 2717 monet
743 2650 1014 2736 Wesenbergius.
1048 2652 1145 2734 Quod
1161 2652 1190 2717 si
1204 2652 1430 2718 meminissent

249 2744 251 2749 ’
282 2746 500 2819 recentissimi
516 2744 683 2819 Ciceronis
700 2748 841 2819 editores
859 2752 899 2817 de
915 2756 980 2837 leg.
995 2747 1103 2836 1124,
1119 2754 1162 2818 60
1182 2760 1246 2819 ‘cui
1257 2774 1334 2819 euro
1349 2759 1428 2819 den-

282 2870 323 2921 ies
338 2862 434 2922 iuncti
445 2862 556 2921 essent’
574 2854 623 2941 (X
638 2856 684 2939 9),
705 2877 772 2921 non
793 2863 910 2919 ‘esum’
934 2855 1043 2941 potius
1058 2866 1096 2923 ut
1115 2856 1242 2943 pridem
1256 2857 1429 2943 proposuit

282 2957 476 3026 Raevardus
493 2978 591 3043 quam
606 2979 681 3022 cum
694 2957 858 3023 Lambino
875 2962 1010 3023 ‘escunt'
1032 2956 1216 3024 dedissent:
1241 2981 1341 3047 quam
1360 2959 1427 3025 for-

281 3084 368 3127 mam
383 3062 454 3149 ipse
469 3058 583 3127 Cicero
599 3059 634 3123 in
648 3056 720 3143 lege
739 3058 860 3124 ficticia
880 3060 1043 3146 expressit
1057 3061 1111 3125 HI
1125 3061 1162 3145 3,
1179 3061 1200 3125 9
1221 3068 1287 3127 ‘nst
1306 3066 1427 3141 quando

279 3168 412 3229 duellum
423 3168 562 3242 pravius,
578 3165 748 3227 discordiae
763 3166 870 3226 civium
891 3169 1044 3226 escunt!
1080 3161 1197 3249 Itaque
1212 3185 1253 3228 ne
1267 3162 1300 3228 V
1314 3163 1336 3227 4
1356 3163 1425 3249 qui-

280 3264 354 3331 dem
362 3312 371 3348 ‚
388 3264 469 3352 quin
484 3269 578 3329 ‘escit’
595 3264 682 3349 apud
696 3262 874 3350 Ulpianum
889 3262 1037 3328 fueritin
1051 3262 1185 3349 lacuna,
1201 3265 1353 3351 estquod
1368 3264 1425 3329 du-

279 3367 428 3433 bitemus.

363 3469 417 3535 De
431 3469 505 3555 ipsa
519 3490 600 3535 vera
613 3468 720 3534 forma
733 3473 826 3535 ‘escit'
842 3506 884 3515 —
899 3490 997 3556 quam
1012 3490 1071 3555 per
1085 3467 1233 3536 futurum
1246 3470 1425 3559 explanare

279 3573 386 3639 solent
401 3570 623 3657 grammatici:
646 3570 689 3637 cf.
712 3570 835 3637 Paulus
857 3592 928 3636 exc.
944 3593 978 3658 p.
994 3572 1033 3637 77
1050 3578 1138 3637 ‘escit
1157 3579 1230 3637 erit’
1253 3582 1287 3638 et
1305 3573 1424 3638 Festus
1506 3646 1511 3655 ⁶

278 3697 309 3761 p.
325 3674 390 3740 302
404 3679 579 3755 ‘superescit
592 3680 741 3753 siyuificat
754 3673 957 3758 supererit’³)
977 3712 1018 3721 -
1039 3674 1247 3741 verissimum
1266 3674 1424 3741 iudicium

327 3948 370 4017 ,1)
389 3949 575 4017 Excipiendus
589 3949 725 4001 Macrobii
737 3949 828 4015 locus,
842 3949 875 4001 de
889 3964 943 4014 quo
955 3965 1044 4000 meam
1058 3948 1229 4000 sententiam
1241 3964 1325 4015 supra
1337 3949 1422 4014 signi-

279 4034 374 4088 boavi:
393 4050 473 4101 quem
491 4035 573 4085 nimis
592 4033 760 4086 confidenter
779 4034 931 4087 Corssenus
949 4034 1041 4101 Symb,
1063 4035 1124 4085 crit.
1144 4050 1169 4099 p.
1189 4034 1222 4085 35
1239 4034 1311 4083 inter
1330 4033 1421 4085 fontes

278 4135 303 4176 v.
322 4118 405 4172 ‘escit'
423 4120 518 4174 refert.

344 4204 366 4270 ²)
389 4205 501 4256 Incerta
523 4220 567 4257 res
590 4210 633 4256 est
654 4207 684 4255 in
705 4205 787 4257 Accii
808 4221 891 4257 versu
914 4202 1062 4272 (praetexi.
1086 4204 1117 4253 16
1139 4202 1184 4265 R.)
1210 4203 1258 4255 cit.
1283 4220 1327 4270 ap.
1349 4204 1421 4255 Non.

278 4307 304 4357 p.
322 4292 381 4343 200.
418 4290 524 4343 ‘Castra
541 4291 604 4342 lace
621 4298 768 4343 vestrumst:
791 4293 883 4357 optime
906 4293 972 4342 esses
984 4292 1097 4369 ,meritus
1115 4305 1132 4340 a
1149 4288 1236 4340 nolis’
1258 4288 1305 4338 ubi
1323 4291 1419 4340 ‘escis’

278 4376 401 4428 Bothius.

344 4461 366 4527 3)
384 4460 519 4527 Exempla
539 4460 616 4512 addit
638 4461 721 4511 Ennii
738 4460 807 4511 Ann.
824 4463 874 4513 486
897 4462 974 4511 ‘lium
996 4461 1095 4526 quidem
1116 4474 1179 4509 unus
1200 4458 1272 4511 bomo
1295 4460 1420 4512 Romanus

278 4555 336 4613 iope
353 4548 516 4612 superescit’‚
536 4551 564 4597 et
581 4545 663 4597 Accii
681 4545 826 4612 Chrysipp.
849 4560 876 4597 v.
893 4547 943 4596 261
963 4544 1023 4605 ‘Qui
1043 4544 1101 4595 ltine
1123 4546 1280 4609 superescit,
1298 4543 1420 4609 Spartam

277 4632 323 4697 (ei)
342 4637 418 4698 atque
438 4631 558 4698 Amyclas
575 4634 652 4683 trado
671 4629 763 4697 (epo).’
799 4630 927 4683 Ceterum
945 4630 980 4681 de
999 4631 1084 4679 ‘escit'
1102 4628 1140 4681 ci.
1159 4644 1192 4679 ex
1210 4628 1348 4694 prioribus
1367 4629 1419 4679 cri-

277 4718 339 4769 ticis
358 4717 476 4768 maxime
494 4717 639 4767 Turnebus
658 4716 726 4769 Adv.
746 4717 770 4766 X
790 4717 821 4765 15
840 4719 868 4765 et
886 4714 1016 4767 Ouiacius
1035 4712 1117 4766 Obss.
1135 4714 1188 4765 VII
1208 4713 1247 4763 18.
1405 4712 1409 4718 '

1169 4796 1214 4862 Ἰ*
