3709 5634
419 692 474 762 -36
800 744 804 751 .
851 713 964 761 annun
986 697 1183 776 snrnuvu.

432 866 594 947 seribere,
618 866 671 931 eui
693 867 773 930 haee
794 866 955 932 debentur
975 889 1006 953 p.
1024 867 1085 932 351
1103 871 1200 930 ‘Bene
1219 873 1334 946 sponsis
1348 871 1478 944 beneque
1499 871 1563 930 arole

430 955 475 1031 ris
483 968 507 1055 ¹)
524 974 555 1031 in
566 975 742 1049 precatione
755 976 900 1047 anparali
913 974 1057 1033 Messalla
1072 990 1172 1048 anpnr
1187 975 1231 1032 ait
1250 975 1422 1047 sianifieare
1443 987 1582 1048 spopon-

431 1073 527 1153 deris,
544 1077 687 1134 nolueris'
703 1079 736 1135 et
751 1075 891 1152 ‘serpula
911 1078 1055 1151 serpserit
1070 1070 1145 1156 (leg.
1162 1071 1327 1157 serpsit2))
1344 1077 1388 1134 ait
1401 1075 1480 1134 illem
1496 1073 1584 1133 Mes-

431 1179 511 1236 salla
526 1177 548 1208 “
556 1189 679 1253 serpens
693 1178 888 1252 inrepserit.’'

501 1432 522 1498 ¹)
547 1435 677 1486 ‘uolueris'
698 1432 757 1483 eod.
777 1432 848 1498 quod
867 1434 951 1483 ‘eolis’
976 1431 1095 1482 mutavit
1118 1431 1150 1482 0.
1170 1431 1320 1482 Muellerus
1338 1433 1516 1483 Priscianum
1540 1446 1586 1481 se·

434 1522 513 1569 cutus
536 1534 562 1583 p.
582 1520 632 1570 848
649 1518 681 1570 P.
698 1515 731 1581 (1
749 1533 775 1582 p.
794 1518 845 1568 456
867 1516 935 1578 H.):
958 1516 1006 1567 ubi
1030 1520 1123 1566 tamen
1148 1521 1175 1565 et
1198 1518 1303 1568 ‘aelim’
1326 1517 1398 1567 idem
1423 1531 1485 1568 esse
1511 1514 1587 1580 quod

435 1605 528 1654 ‘uelim’
547 1603 648 1652 dieitur
666 1602 773 1668 etipsa
792 1602 881 1652 forma
899 1600 953 1650 fide
971 1600 1044 1650 haud
1062 1600 1171 1650 videtur
1194 1601 1278 1666 digna
1303 1617 1363 1652 esse
1383 1601 1431 1665 (cf.
1450 1601 1587 1652 Hertzius

340 1755 342 1760 Ι
432 1687 467 1738 ad
487 1685 527 1751 l.).
558 1688 656 1753 Itaque
675 1691 725 1736 aut
743 1688 847 1740 ‘uoltu’
867 1685 939 1749 quod
959 1685 993 1735 ab
1012 1686 1072 1750 ipso
1090 1685 1258 1750 prepositum
1277 1687 1377 1736 reiecit
1388 1684 1486 1735 Muell.
1505 1685 1587 1736 oblo-

432 1778 535 1836 quente
552 1771 694 1837 Madvigio
713 1771 814 1836 Opuso.
827 1772 856 1821 11
874 1773 907 1821 75
924 1785 966 1832 n.‚
987 1773 1035 1820 aut
1053 1770 1124 1835 quod
1144 1771 1270 1834 equidem
1288 1770 1433 1836 praefero,
1454 1771 1587 1821 ‘veleris’

432 1858 506 1907 sieut
527 1873 611 1922 supra
630 1858 771 1912 ‘tetinero3
792 1860 819 1906 et
838 1857 992 1906 ‘naonerinl’
1011 1854 1115 1908 Paeuv.
1135 1855 1335 1926 apud·Paulum
1354 1872 1380 1921 p.
1394 1857 1445 1906 373
1465 1883 1497 1892 -—
1518 1853 1589 1904 Sea·

431 1943 520 2008 ligero
540 1946 568 1991 et
585 1941 682 2007 Lipsio
701 1941 860 1991 auctoribus
878 1938 1054 1990 scribendum
1074 1944 1125 1990 est.

500 2043 522 2108 ²)
542 2045 669 2108 ‘serpsit’
689 2041 879 2107 corrigendum
898 2056 960 2092 esse
979 2057 1039 2108 eum
1059 2041 1187 2106 antiquus
1205 2057 1269 2094 usus
1287 2046 1380 2094 monet
1403 2037 1462 2092 tum
1479 2041 1586 2092 similis

432 2128 513 2179 loeus
530 2145 558 2194 p.
570 2129 620 2178 348
640 2127 687 2190 (ef.
701 2121 822 2190 Paulusi
837 2127 952 2192 ‘Serpsit
969 2127 1067 2192 antiqui
1082 2143 1132 2191 pro
1149 2130 1287 2192 serpserit,
1306 2129 1372 2178 ande
1390 2129 1509 2178 uidentur
1526 2143 1586 2177 ser·
1623 2183 1625 2187 ⁸

433 2201 511 2278 palae
529 2215 614 2263 dietae
632 2210 779 2278 qaas'nnne
795 2219 929 2276 serpentes
948 2212 1051 2264 dicimus
1069 2227 1228 2276 eapraeeo,
1253 2213 1313 2278 qnia
1334 2214 1372 2262 illi
1394 2210 1516 2276 ἑρπετά,
1536 2228 1587 2262 nas

432 2314 482 2362 pra
501 2299 679 2362 adspiratione
702 2299 800 2347 itteram
818 2297 835 2346 S
853 2299 940 2346 littera
960 2299 1047 2360 posita
1070 2305 1096 2347 at
1118 2295 1147 2349 ἕξ
1171 2313 1220 2370 sea
1243 2295 1315 2347 ἑπτά
1337 2300 1455 2361 sepiem)
1493 2296 1590 2358 Quam

376 2375 379 2382 '
435 2382 558 2447 glossam
577 2383 631 2433 etsi
648 2397 794 2446 perperam
806 2381 954 2431 Daeierius
973 2396 1034 2430 eum
1051 2381 1104 2430 -illa
1123 2381 1315 2446 conglutinare
1334 2381 1546 2447 transponendo
1561 2386 1591 2432 et

435 2466 598 2531 corrigendo
615 2466 717 2527 voluit,
736 2471 839 2516 tamen·
850 2466 916 2528 quin
934 2466 1087 2517 Messallae
1107 2467 1204 2530 auguri
1228 2467 1289 2532 ipsa
1308 2479 1417 2531 quoque
1431 2465 1592 2519 ¹tribuenda

435 2553 487 2611 sit,
506 2552 562 2601 iam
581 2551 694 2601 dubium
713 2566 776 2600 esse
796 2553 903 2614 nequit.
939 2550 976 2599 At
993 2551 1073 2604 datur
1098 2551 1278 2615 etiam-ultra
1300 2552 1420 2616 prodire.
1457 2551 1591 2615 Namque

435 2637 460 2686 si
479 2651 541 2686 eum
561 2635 622 2686 loeo
640 2634 719 2685 modo
739 2635 825 2685 citato
843 2635 1009 2686 conferimus
1028 2652 1054 2700 p.
1068 2638 1117 2686 290
1137 2641 1254 2700 ‘sappam
1266 2637 1364 2703 antiqui
1381 2637 1508 2686 dicebant
1516 2653 1593 2702 quem

435 2731 501 2771 aune
517 2722 632 2785 supinam
650 2722 754 2771 dicimus
771 2736 807 2770 ear
822 2715 930 2784 praeeo,
949 2721 1067 2770 uidelicet
1083 2736 1132 2784 pro
1152 2722 1329 2785 adspiratione
1344 2729 1473 2785 ponentes
1493 2721 1528 2785 (s)
1549 2724 1592 2772 lit·

436 2814 527 2865 teram
546 2812 574 2854 at
590 2821 644 2854 oum
661 2797 820 2875 idemiplas
838 2807 925 2856 dicant
943 2812 968 2854 el
986 2821 1032 2855 nos
1050 2807 1138 2862 siluas,
1157 2807 1215 2854 ilem
1233 2803 1260 2856 ἕξ
1278 2821 1328 2856 seca
1340 2813 1366 2855 el
1377 2803 1450 2856 ἑπτά
1462 2810 1592 2870 septem‚·'

437 2896 466 2940 et
483 2907 510 2955 p.
528 2893 579 2941 293
598 2889 645 2952 (ef.
666 2889 781 2952 Paulus)
800 2889 905 2947 ‘Semta
924 2891 1062 2948 seniodias,
1081 2892 1222 2950 semuncia:
1241 2907 1291 2954 qua
1308 2894 1409 2941 ratione
1429 2891 1465 2942 eie
1485 2891 1592 2950 Graeco

436 2976 571 3026 tralaantar
588 2977 664 3025 etiam
681 2977 746 3032 alia,
765 2989 830 3040 qaae
847 2991 860 3024 s
879 2976 988 3024 litteram
1004 2976 1230 3042 propaspiratione
1249 2990 1335 3024 eoram
1352 2975 1454 3036 iubent,
1474 2983 1504 3025 nt
1515 2973 1594 3026 ἑπτά

435 3067 543 3125 septena,
561 3058 627 3110 ὕλαι
643 3062 733 3118 silam,
755 3063 793 3108 sie
814 3061 865 3108 ista
888 3059 920 3108 ab
938 3075 967 3109 ea
988 3051 1056 3124 quael
1076 3061 1114 3108 illi
1134 3057 1215 3121 ἥμιευ
1238 3061 1324 3109 dieunt
1347 3061 1477 3110 declinata
1495 3065 1593 3110 sant’:

438 3148 556 3210 apparet
574 3144 645 3194 haee
663 3144 723 3213 tria¹
736 3159 770 3193 ex
789 3142 884 3193 eodem
902 3144 980 3193 fonte
999 3143 1099 3194 heusta
1118 3159 1188 3196 esee.
1204 3143 1267 3206 Qui
1284 3145 1347 3194 fons
1366 3151 1414 3194 aut
1433 3144 1521 3196 fallor
1541 3150 1594 3195 aut
1673 3207 1679 3216 ι

436 3230 490 3280 fuit
507 3228 658 3279 Messallae
676 3229 748 3278 liber
766 3227 804 3277 de
824 3243 836 3277 s
853 3227 990 3288 littera,
1010 3243 1025 3277 e
1045 3242 1097 3291 que
1117 3229 1251 3291 quaedam
1264 3229 1381 3294 protulit
1394 3223 1595 3290 Quintssianus
1628 3263 1631 3268 -

436 3316 450 3364 I
469 3316 493 3376 7,
512 3316 545 3363 23
564 3313 660 3362 eulx
677 3315 702 3371 4,
721 3315 763 3363 38.
782 3313 795 3360 Ι
813 3301 837 3369 5.
857 3315 897 3362 15.
927 3311 1099 3375 Quamquam
1118 3328 1172 3362 non
1190 3314 1288 3378 ignoro
1306 3313 1387 3364 huius
1406 3313 1472 3364 libri
1492 3319 1595 3366 aueto-

437 3397 596 3469 rem-vulga
614 3396 670 3446 diei
687 3397 724 3448 M.
745 3396 920 3453 Valerium¹
936 3396 1134 3446 Messallam
1154 3397 1345 3458 Corvinum,
1364 3399 1521 3449 Messallae
1542 3416 1595 3450 au-

437 3483 517 3547 guris
533 3497 567 3531 ex
584 3482 673 3530 fratre
691 3480 813 3544 patrueli
831 3483 960 3546 nepotem
977 3507 1011 3515 —
1029 3497 1084 3531 nou
1102 3481 1188 3531 filium
1211 3486 1241 3530 ut
1264 3482 1358 3546 placet
1376 3482 1595 3536 Graefenhanio

381 3595 384 3599 -
437 3567 512 3618 Hist.
535 3565 603 3629 phil.
625 3565 654 3614 11
672 3567 730 3615 374.
754 3565 793 3614 IV
811 3568 852 3618 60.
873 3567 920 3614 117
938 3592 985 3624 -,
1011 3565 1114 3616 clarum
1137 3567 1297 3630 Augusteae
1322 3568 1425 3618 aetatis
1448 3573 1596 3620 oratorem

439 3650 509 3716 (cos.
527 3649 732 3712 ῙῦΟΟΧΧΙΠ),
751 3650 894 3714 ipsumque
912 3649 1114 3710 Quintilianum
1133 3645 1166 3700 de
1185 3650 1236 3700 hoe
1255 3634 1366 3702 oratore
1385 3654 1531 3718 cogitasse
1552 3656 1596 3706 vi-

346 3730 350 3738 “
439 3736 539 3787 dentur
556 3737 672 3786 innuere
688 3735 776 3784 verba
793 3734 844 3795 Ι7,
863 3737 897 3784 35
915 3738 970 3784 ‘aul
988 3737 1045 3785 ideo
1064 3737 1142 3784 minas
1155 3735 1281 3801 Messalla
1296 3739 1416 3789 nitidas
1435 3741 1497 3803 qaia
1517 3755 1597 3805 qam-

440 3824 498 3873 dam
515 3829 583 3872 totos
601 3821 699 3870 libellos
716 3834 766 3869 non
782 3819 867 3869 ambis
884 3821 957 3869 moda
975 3821 1091 3883 sinpnlis,
1109 3821 1158 3869 sed
1173 3822 1248 3868 etiam
1267 3823 1359 3872 litteris
1377 3823 1469 3874 dedit’
1508 3825 1547 3877 ef.
1570 3825 1597 3874 X

354 3934 356 3937 ·
439 3909 469 3969 1,
493 3909 542 3957 113
567 3911 610 3956 ‘at
633 3905 759 3955 Messalla
781 3906 905 3954 nitidus
928 3905 1114 3954 etaanataas’
1140 3919 1162 3954 e.
1183 3920 1207 3968 q.
1228 3920 1249 3956 s.
1291 3907 1392 3956 Verum
1415 3923 1452 3957 ne
1477 3909 1596 3970 Quinti-

398 3979 401 3984 ’
438 3992 509 4042 liani
532 3990 640 4056 quidem
658 3989 805 4039 memoriae
823 3989 853 4038 in
871 3988 923 4038 tali
943 4003 1042 4038 caussa
1060 3989 1141 4038 nimis
1161 3987 1302 4039 confidam.
1340 3991 1459 4042 Gravius
1480 3993 1598 4058 quidem

439 4076 513 4141 lapsi
532 4081 596 4126 sunt
620 4076 667 4139 qni
686 4074 721 4124 ad
735 4072 898 4123 ⁴Messallam
918 4077 1055 4122 oratorem
1074 4073 1159 4122 etiam
1179 4075 1324 4138 auguralia
1343 4076 1449 4141 scripta
1473 4078 1597 4128 rettule-

439 4153 638 4212 runt'Vossius
661 4159 695 4209 de
719 4158 867 4210 hist-Lat.
890 4157 903 4206 1
927 4159 959 4208 18
974 4173 1007 4228 .P‘
1027 4159 1068 4208 89.
1091 4149 1237 4208 Harlesius
1260 4159 1364 4226 Introd.
1388 4161 1417 4208 iu
1440 4162 1525 4216 notit.
1549 4162 1597 4214 lit.

382 4271 389 4276 ··
439 4261 506 4296 rom.
519 4246 548 4295 II
560 4261 589 4310 p.
601 4247 660 4297 348.
679 4244 847 4307 Passowius,
866 4241 924 4300 alii,
943 4246 1018 4292 reete
1037 4243 1126 4292 notati
1146 4259 1162 4291 a
1174 4243 1277 4294 Wiesio
1295 4243 1333 4306 de.
1345 4243 1383 4297 M.
1395 4245 1506 4296 Valerii
1519 4247 1597 4298 Mes-

411 4323 415 4330 ’
440 4329 530 4380 sullae
550 4329 661 4380 corvini
679 4331 740 4378 vita
759 4332 787 4378 et
804 4326 876 4376 stud.
889 4326 1031 4377 doctrinae
1044 4327 1136 4378 Berol.
1150 4327 1215 4378 182'9
1227 4345 1253 4392 p.
1268 4330 1308 4378 76.
1333 4329 1392 4380 Nee
1403 4345 1472 4381 rere
1485 4333 1598 4384 maiore

440 4415 501 4463 iure
524 4414 579 4464 XII
601 4413 759 4464 tabularum
782 4411 860 4460 illam
884 4410 1110 4475 explanationem
1136 4415 1164 4461 et
1186 4411 1270 4462 libros
1294 4414 1327 4462 de
1351 4415 1435 4465 dietis
1462 4414 1597 4469 involute

441 4498 530 4549 eidem
548 4498 691 4548 vindicant
708 4497 781 4546 idem
799 4495 947 4546 Harlesius
965 4511 992 4560 p.
1005 4498 1054 4546 347
1074 4501 1101 4546 et
1118 4496 1265 4547 Fischerus
1279 4497 1367 4552 Tabb.
1383 4499 1509 4558 chronol.
1523 4519 1596 4556 rom.

439 4600 467 4648 p.
485 4585 551 4646 369,
571 4573 655 4648 quam'
669 4599 725 4632 rem
745 4583 774 4630 in
792 4581 883 4630 medie
899 4579 1032 4643 relinquit
1050 4581 1170 4630 Wiesius
1188 4581 1205 4634 l.
1220 4597 1243 4632 e.
1262 4582 1378 4634 Omnino
1397 4589 1598 4650 grammaticis

441 4666 540 4717 studiis
558 4666 719 4716 Messallam
738 4665 885 4716 Corvinum
902 4691 937 4700 -
955 4678 1036 4727 quem
1054 4663 1225 4715 ‘Corvinum‘
1245 4667 1408 4732 simpliciter
1426 4671 1533 4722 Festus
1553 4674 1598 4722 di-

442 4753 481 4800 eit
498 4768 524 4820 p.
542 4753 593 4802 359
609 4778 644 4788 -
661 4765 772 4816 operam
791 4764 910 4800 navasse
930 4748 1039 4799 aliunde
1063 4765 1118 4800 non
1142 4751 1271 4801 discimus
1289 4767 1378 4818 neque
1397 4771 1460 4805 eam
1478 4758 1509 4806 in
1529 4775 1597 4825 par-
