3709 5634
405 614 450 680 54
826 609 940 676 aanor
962 624 1128 674 runrrvu.

368 795 372 808 ¹
407 783 471 852 tari
487 783 592 855 solere
603 804 760 869 -·quam
774 781 808 846 in
818 789 947 868 partem
962 779 1047 846 male
1062 801 1159 867 saepe
1175 781 1382 868 acci-piantur
1390 781 1560 848 Ciceronis

408 887 513 952 verba
528 885 569 950 de
584 885 649 970 leg.
664 884 700 950 II
715 883 747 966 4,
763 884 784 947 9
799 885 839 946 ‘A
847 889 957 964 paruis
971 889 1064 955 enim,
1082 885 1204 961 Quinte,
1220 887 1380 974 didicimus
1394 889 1455 948 “si
1468 890 1501 949 ia
1514 891 1563 950 ius

411 993 527 1053 oooal'’
544 997 633 1066 olaus
647 994 726 1052 alius
739 991 885 1052 eiusmodi
901 993 982 1064 leues
1007 990 1180 1050 nominare'
1197 1011 1256 1048 —:
1276 985 1337 1052 hoc
1359 985 1494 1052 minime
1515 987 1559 1052 ad

301 1087 306 1094 ’
409 1089 540 1176 singula
558 1089 639 1174 legis
661 1098 837 1176 praecepta
856 1087 1029 1154 transferri
1049 1088 1157 1154 debet.
1195 1087 1320 1154 Verum
1340 1089 1474 1154 omnino
1495 1089 1562 1156 ista

409 1194 512 1261 verba
527 1215 547 1259 a
561 1191 634 1277 lege
649 1191 720 1257 XII
735 1190 948 1256 alienarunt:
974 1211 1057 1277 quae
1078 1202 1134 1254 aut
1147 1189 1245 1256 fallor
1260 1191 1376 1257 autad
1391 1200 1561 1257 vetustum

410 1295 492 1381 logis
508 1294 549 1359 de
563 1291 787 1380 perduellione
800 1314 934 1358 carmen
947 1291 1122 1359 referenda
1133 1302 1223 1377 suut,
1240 1293 1328 1380 quod
1342 1295 1377 1358 in
1390 1293 1561 1360 Hor—aiii

409 1395 634 1484 parricidio
650 1394 848 1463 vindicando
859 1396 883 1483 ¹)
899 1393 1082 1460 adhibitum
1098 1417 1169 1461 esse
1182 1395 1300 1463 Livius
1311 1395 1415 1462 refert
1426 1395 1444 1460 I
1455 1395 1509 1478 26,
1522 1397 1558 1461 6:

410 1504 488 1562 ‘Len
503 1503 648 1564 iurandi
660 1505 803 1562 carminis
817 1508 899 1563 erui:
914 1502 1065 1562 duumuiri
1074 1501 1309 1578 perduellionem
1324 1503 1468 1564 iudicent.
1499 1505 1528 1564 si
1540 1519 1560 1562 a

410 1607 573 1666 duumuiris
581 1606 771 1680 prouocunl,
782 1606 995 1680 prouocatione
1009 1608 1129 1664 cartalo.
1159 1605 1187 1663 si
1200 1605 1329 1679 uincent,
1352 1605 1558 1690 capulot-

409 1709 554 1781 auloilo,
569 1707 688 1780 infelici
700 1707 805 1767 arbori
816 1706 1092 1786 resle‘suspemlilm
1114 1707 1267 1768 ouherulo
1288 1710 1333 1768 oei
1352 1710 1436 1768 inlru
1453 1723 1559 1782 pome-

412 1815 491 1871 rium
511 1812 557 1870 oei
574 1815 665 1870 extra
683 1810 873 1884 pomerium?
881 1804 908 1891 ²)
941 1803 1033 1884 Quae
1049 1802 1164 1869 Cicero
1184 1806 1220 1870 in
1240 1825 1286 1870 or.
1303 1829 1336 1892 p.
1352 1804 1470 1872 Rabir.
1488 1827 1559 1892 per·

414 1907 513 1974 duell.
528 1908 551 1972 4
557 1957 566 1990 ‚
585 1907 625 1972 13
646 1928 689 1970 ex
711 1910 885 1970 ‘annulum
905 1913 1097 1970 monumentis
1118 1918 1147 1970 ol
1165 1925 1270 1986 renum
1284 1907 1559 1991 mmuenluriis’i)

411 2009 516 2094 (off),
535 2009 589 2094 15)
606 2017 762 2093 excerpta
774 2009 910 2095 repetit:
928 2010 1018 2087 ‘quae
1037 2018 1065 2072 le
1083 2046 1117 2054 -
1136 2013 1284 2074 delectant
1298 2016 1348 2092 “i,
1364 2016 1468 2088 lictor,
1483 2029 1560 2076 con-

408 2119 472 2191 liaa
487 2117 641 2174 uranus'':
656 2112 745 2188 ‘auae
758 2130 817 2195 non
831 2116 918 2177 modo
932 2116 1019 2176 auius
1032 2115 1176 2178 libertatis
1189 2117 1488 2192 mansuetudinisque
1502 2132 1561 2177 non

377 2244 379 2249 ·
410 2225 492 2291 sunl,
507 2218 561 2278 secl
574 2233 612 2276 ne
626 2215 747 2276 Romuli
762 2217 881 2290 quidem
895 2226 949 2276 aul
959 2217 1074 2278 Numae
1085 2219 1240 2295 Pompilii:
1259 2216 1430 2295 Tarquinii,
1447 2237 1560 2296 super-

411 2322 524 2380 bissimi
535 2326 624 2393 atoue
637 2319 837 2380 crudelissimi
854 2322 949 2393 repis,
972 2322 1027 2380 isla
1048 2327 1117 2380 sunl
1136 2324 1288 2384 mumulus
1309 2325 1466 2394 carmina,
1484 2339 1562 2399 quoe

481 2608 500 2673 1)
520 2608 554 2658 de
572 2608 626 2660 hac
647 2623 677 2658 re
702 2607 1225 2678 cf.SchoemannusOpuso.138eq.
1251 2613 1297 2678 qui
1321 2616 1418 2664 cetera
1440 2611 1561 2666 virorum

411 2689 553 2748 doctorum
571 2696 677 2762 scripta
695 2694 838 2760 congessit
854 2710 881 2744 n.
901 2695 942 2748 79.
960 2693 1117 2772 Itudorffius
1135 2695 1169 2747 H.
1190 2697 1207 2750 i.
1227 2713 1247 2746 r.
1268 2697 1296 2748 ΙΙ
1314 2713 1342 2763 p.
1361 2699 1412 2749 365
1430 2715 1457 2750 n.
1479 2703 1503 2750 1.

480 2797 502 2862 ²)
520 2799 563 2848 De
582 2799 726 2848 ‘carmine'
745 2798 775 2848 in
791 2797 874 2847 metri
886 2797 1003 2848 formam
1015 2796 1165 2863 redigendo
1179 2799 1215 2851 cf.
1229 2797 1403 2851 Ribbeckiue
1416 2801 1446 2852 in
1458 2800 1560 2853 Fleck-

415 2886 504 2936 eiscni
520 2883 591 2934 Ann.
609 2883 675 2950 phil.
693 2886 726 2935 77
744 2900 769 2949 p.
788 2883 846 2934 208.

479 2985 500 3051 ³)
518 2987 562 3037 De
580 2991 692 3053 ‘regum
716 2974 936 3036 commentariia’
960 2987 989 3036 in
1011 2988 1172 3038 transcursu
1195 3003 1299 3044 moneo„
1316 2989 1401 3040 aliam
1424 2989 1507 3042 nobis
1531 3007 1563 3042 ex

411 3073 464 3123 hoc
481 3073 543 3138 ipso
561 3071 624 3139 loco
642 3072 793 3137 imaginem
810 3071 1014 3122 informandam
1033 3086 1093 3122 esse
1113 3075 1194 3138 atque
1207 3071 1400 3140 Schweplerus
1412 3073 1565 3142 descripsit

411 3160 425 3207 1
442 3175 469 3224 p.
488 3159 520 3207 27
538 3173 579 3222 sq.
597 3157 687 3208 nudas
703 3155 837 3208 formulas
856 3160 884 3206 et
902 3155 1093 3209 mandatorum
1115 3157 1221 3210 indices
1238 3159 1279 3211 ibi
1296 3162 1457 3228 propositos
1476 3162 1563 3214 fuisse

412 3243 459 3307 qui
475 3243 589 3308 regibus
609 3242 732 3292 adscribi
755 3240 878 3292 solerent
901 3258 935 3292 ex
957 3243 1157 3308 posterioribus
1185 3245 1399 3312 magistratuum
1424 3262 1563 3300 commen·

412 3329 492 3396 tariis
510 3330 729 3392 argumentatus.
764 3326 898 3379 Nimirum
915 3343 970 3380 non
988 3327 1096 3403 tanturn
1113 3329 1313 3394 perduellionis
1331 3333 1432 3400 legem,
1452 3333 1505 3386 sed
1522 3337 1563 3384 to-

413 3417 470 3463 tam
489 3411 523 3462 de
541 3411 658 3462 Horatio
676 3413 866 3462 narrationem
885 3429 918 3462 ex
937 3411 980 3463 his
998 3429 1093 3480 regum
1113 3417 1317 3467 commentariis
1330 3418 1474 3482 proficisci
1494 3422 1565 3475 satis

413 3497 644 3564 indicant-verbe
657 3497 745 3546 citata
763 3499 812 3555 “i,
831 3499 913 3556 lictor,
933 3501 1031 3564 conlipa
1049 3503 1163 3549 munus’'
1180 3493 1215 3538 --'
1233 3502 1269 3553 cf.
1292 3503 1392 3554 Livius
1414 3506 1433 3555 l.
1454 3522 1479 3556 c.
1504 3511 1519 3571 ἓ
1539 3511 1563 3570 8,

411 3583 461 3634 ubi
484 3583 524 3630 ‘i’
549 3582 649 3632 abesse
672 3583 782 3647 nequit,
806 3586 835 3632 et
857 3583 872 3644 5
896 3586 941 3632 11:
965 3588 996 3634 ut
1018 3587 1109 3650 potius
1131 3585 1189 3636 illis
1211 3587 1381 3640 vindicanda
1404 3591 1455 3653 sit,
1482 3607 1565 3658 quam

412 3667 622 3734 pontificum
639 3669 846 3720 commentariis
864 3669 963 3720 tribuit
974 3670 1124 3722 Niebuhrio
1138 3676 1251 3722 anctore
1264 3671 1461 3740 Schwsglerus
1480 3693 1507 3743 p.
1520 3681 1565 3743 33,

374 3800 380 3804 .
413 3754 666 3819 antiquissimorum
685 3759 821 3819 quatenus
839 3754 875 3804 ad
893 3771 974 3821 reges
986 3757 1145 3822 pertineant
1157 3757 1225 3806 iuris
1239 3757 1345 3824 publici
1357 3761 1469 3814 scoriae
1482 3779 1567 3829 prae-

413 3843 568 3906 ceptorum,
595 3853 756 3889 caussarum
779 3839 922 3890 foederum
951 3843 1051 3890 rituum
1078 3839 1227 3910 descriptio
1257 3845 1391 3911 exemplis
1418 3846 1567 3904 illustrata

412 3925 461 3989 (cf.
480 3925 579 3976 Livius
596 3925 610 3975 Ι
630 3925 670 3975 18.
688 3926 729 3974 24„
748 3925 790 3973 26.
809 3927 850 3976 32.
870 3925 923 3989 38).
953 3926 1044 3992 Atque
1057 3925 1129 3990 quod
1143 3929 1241 3979 Livius
1254 3929 1268 3980 I
1280 3929 1352 3992 60,4
1371 3933 1504 3985 consules
1523 3951 1566 3986 re·

413 4011 469 4061 fert
487 4011 607 4060 comitiis
631 4009 796 4060 centuriatis
820 4027 837 4060 a
857 4009 1001 4076 praefecto
1024 4010 1100 4062 urbis
1123 4027 1159 4061 ex
1182 4017 1438 4068 commentariis
1462 4017 1567 4072 Servi

412 4095 507 4146 Tulli
526 4099 636 4146 creatos
655 4110 729 4157 esse,
749 4095 889 4161 sagaciter
905 4096 966 4160 ipse
985 4094 1177 4162 Schweglerus
1196 4113 1222 4164 p.
1235 4101 1268 4150 28
1286 4115 1313 4154 n.
1324 4101 1359 4152 20
1376 4101 1451 4153 hano
1471 4103 1566 4159 Servii

411 4180 502 4245 legem
521 4195 582 4230 cum
604 4181 765 4231 narratione
788 4179 822 4230 de
846 4177 970 4230 eiusdem
994 4181 1111 4234 oonsilio
1133 4183 1214 4235 unius
1236 4185 1382 4252 imperium
1404 4187 1567 4255 deponendi

413 4263 485 4328 (Liv.
505 4264 577 4324 148,
596 4265 623 4329 9)
642 4265 792 4316 coniunxit.
816 4265 914 4329 Neque
932 4269 1026 4318 tamen
1045 4267 1214 4324 adversabor
1232 4271 1361 4334 equidem
1379 4274 1405 4324 si
1424 4275 1487 4340 quis
1506 4280 1565 4328 sta·
1655 4255 1663 4268 ⁹

412 4349 497 4398 tuerit
514 4365 611 4415 regum
629 4350 840 4401 commentarios
858 4350 932 4402 haud
951 4367 1031 4403 secus
1049 4356 1132 4418 atque
1150 4353 1227 4422 leges
1245 4357 1340 4421 regias
1352 4362 1464 4424 partem
1476 4361 1566 4414 libro·

411 4448 470 4482 rum
487 4433 690 4498 pontificiorum
707 4435 808 4486 fuisses
828 4437 895 4500 quin
912 4436 1038 4502 apprime
1055 4436 1120 4489 huic
1138 4441 1181 4490 rei
1199 4443 1346 4494 convenire
1365 4443 1500 4497 videntur
1518 4447 1565 4498 Oi·

316 4541 322 4551 ·
413 4519 522 4568 aaronis
545 4519 631 4570 verba
649 4521 749 4585 quibus
772 4519 889 4571 eandem
911 4521 1024 4572 Horatii
1048 4538 1174 4574 caussam
1197 4525 1351 4592 significari
1373 4531 1505 4596 suspicor
1530 4533 1564 4584 de

412 4619 470 4668 rep.
488 4603 516 4652 ΙΙ
533 4605 578 4666 31,
599 4605 873 4658 circumoculiones
889 4613 972 4662 autem
990 4609 1066 4663 elium
1082 4625 1099 4659 u
1120 4609 1222 4676 mnibus
1242 4613 1325 4677 fuisse
1343 4617 1484 4669 declarant
1498 4634 1565 4684 pon·

413 4688 475 4752 ruci
487 4689 555 4739 rouro
574 4704 597 4738 e.
616 4703 643 4753 q.
663 4707 685 4745 s.
