3709 5634
412 613 459 664 uu
480 614 675 663 vurrmrvs
698 614 749 662 rur
771 614 985 664 rauvmsvn
1007 614 1292 666 rurrsruermvs.
1387 605 1427 670 27

289 793 350 858 que
365 764 534 858 proprium
549 769 607 851 sit,
635 769 692 835 ubi
709 767 813 868 ‘plena
832 769 980 835 nominis
997 769 1195 855 significatio
1211 769 1427 858 desideratur,

169 912 170 915 =
287 896 325 938 ea
346 873 389 938 (16
408 895 444 937 66
464 871 642 938 admodum
661 871 799 938 fluctuat
819 872 1006 937 criticorum
1029 872 1197 938 iudicium.
1233 876 1349 963 Itaque
1373 879 1428 964 qui

285 975 454 1040 Aeliorum
468 975 655 1062 fragmenta
669 975 885 1060 collegerunt,
902 973 1036 1040 Stilonis
1052 997 1119 1042 van
1133 975 1317 1063 Heusdius‚
1340 979 1428 1045 Galli

285 1077 539 1162 Heimbaohius,
558 1079 731 1165 utriusque
751 1077 902 1164 Eggerus
923 1076 1048 1162 (Latini
1072 1101 1167 1144 serm.
1189 1087 1309 1146 vetust.
1331 1081 1427 1170 rell),

285 1181 363 1246 Sex.
379 1179 467 1246 Aelii
492 1191 525 1246 et
551 1179 641 1247 Galli
663 1181 854 1254 *Dirksenus
882 1181 932 1264 (in
952 1181 1037 1246 libro
1060 1181 1302 1248 ‘Bruchstiioke
1317 1207 1346 1249 a.
1365 1184 1430 1250 den

285 1283 452 1349 Schriften
463 1284 522 1349 der
531 1287 613 1349 rem.
621 1283 796 1366 Juristen')
808 1294 842 1350 et
855 1282 1046 1348 Huschkius
1062 1283 1260 1371 (Iurisprud.
1273 1286 1428 1354 anteiust.

284 1409 368 1474 quae
383 1372 584 1473 supersunt),
608 1409 666 1473 pro
682 1379 819 1453 arbitrio
834 1384 991 1473 pleraque
1002 1385 1247 1472 disposuerunt.
1270 1389 1339 1454 Nec
1350 1411 1429 1455 vero

286 1488 427 1554 multum
440 1488 605 1554 lucramur
620 1512 685 1554 van
699 1487 843 1554 Heusdii
856 1487 992 1554 consilio
1008 1489 1063 1575 qui
1075 1488 1118 1553 ad
1129 1488 1307 1556 L.Aelium
1320 1493 1430 1558 omnia

286 1591 350 1679 nisi
377 1613 460 1677 quae
485 1592 530 1657 ad
554 1593 605 1656 ius
632 1590 729 1657 civile
758 1591 946 1678 pertincant
975 1591 1162 1661 revocanda
1191 1615 1262 1658 esse
1292 1595 1425 1660 statuit:

169 1750 170 1755 ,
286 1695 436 1781 quamvis
457 1693 520 1760 hoc
539 1695 611 1780 ipse
626 1694 740 1759 statim
754 1693 913 1760 concedat
928 1716 1027 1781 saepe
1041 1715 1158 1780 parum
1173 1694 1315 1760 discerni
1331 1720 1430 1784 posse

285 1797 340 1884 (de
354 1796 394 1861 L.
409 1795 505 1862 Aelio
522 1796 595 1862 Stil.
612 1795 749 1884 disquis.
765 1820 797 1884 p.
814 1796 879 1878 62).
908 1795 1010 1861 Plura
1031 1796 1117 1860 enim
1133 1805 1166 1862 et
1180 1797 1295 1864 Aelius
1312 1798 1428 1866 Gallus

285 1899 467 1987 disputavit
482 1922 565 1987 quae
579 1899 712 1987 propria
725 1899 806 1964 iuris
823 1897 929 1967 civilis
944 1922 1010 1965 non
1025 1907 1158 1964 6661-
1172 1899 1216 1965 cf.
1228 1923 1280 1988 ap.
1294 1901 1430 1968 Festum

285 2026 316 2067 v.
331 2012 477 2084 torrens,
498 2012 666 2089 petrarum
680 2024 816 2087 genera,
841 2000 959 2084 saltus,
982 1999 1048 2066 alia
1063 2039 1105 2050 —
1120 2011 1153 2066 61
1167 2001 1379 2070 Aelius·Stilo
1394 2004 1430 2072 in

285 2103 366 2190 legis
379 2103 609 2191 explanatione
625 2106 781 2170 tractavit
796 2128 838 2173 ex
852 2104 977 2169 intimis
992 2104 1072 2168 iuris
1089 2105 1195 2170 civilis
1208 2104 1429 2192 penetralibus

284 2207 414 2300 bansta.
453 2208 504 2273 Ac
530 2216 642 2273 tamen
667 2206 846 2294 simplicior
865 2207 948 2272 haec
969 2228 1087 2272 caussa
1107 2215 1159 2272 661
1179 2219 1280 2293 quant
1298 2209 1431 2275 videtur

287 2333 370 2375 esse.
400 2309 485 2374 Nam
505 2310 648 2396 primum
663 2311 816 2377 continuo
832 2309 947 2397 procul
961 2301 1131 2376 habendus
1148 2318 1198 2376 661
1212 2309 1288 2376 Sex.
1304 2310 1430 2396 Aelius,

288 2414 380 2478 cuius
401 2420 434 2478 et
453 2421 583 2500 tempus
605 2422 638 2477 et
653 2412 818 2479 scribendi
838 2412 1022 2496 consilium,
1039 2411 1134 2500 quale
1149 2412 1253 2478 fuisse
1267 2410 1363 2478 modo
1379 2435 1430 2480 cc·

287 2516 472 2600 gnovimus,
489 2515 694 2602 aliquantum
709 2516 812 2583 distat
827 2516 869 2582 ab
883 2517 1023 2582 istorum
1038 2512 1296 2601 fragmentorum
1311 2516 1430 2603 quibus

287 2617 326 2684 de
346 2616 479 2704 linguae
499 2619 628 2684 ratione
647 2618 838 2706 plerumque
857 2619 968 2704 agitur
983 2627 1185 2704 argumento.
1216 2619 1358 2686 Omnino
1374 2620 1430 2686 tri·

286 2721 482 2807 partitorum
495 2722 676 2808 posteriore
690 2731 800 2788 aetate
815 2722 954 2806 exiguus
969 2743 1048 2786 usus
1063 2721 1167 2786 fuisse
1183 2721 1329 2788 videtur:
1352 2744 1430 2809 quo·
1475 2784 1477 2788 .

287 2846 357 2888 rum
382 2823 559 2908 vestigium
583 2835 714 2911 praeter
738 2824 938 2912 paucissima
962 2823 1021 2888 illa
1046 2845 1128 2910 quae
1155 2846 1255 2912 supra
1280 2826 1431 2910 congessi

287 2926 409 2992 frustra
429 2927 585 3014 requiris}
616 2951 722 3012 neque
742 2928 853 2993 corum
874 2924 976 2990 ullam
996 2927 1157 2992 rationem
1177 2927 1292 2993 Cicero
1313 2925 1431 2992 habuit
1527 2981 1532 2991 ,

287 3051 358 3093 cum
374 3030 532 3116 expositis
548 3054 569 3095 a
583 3031 643 3101 Cn.
658 3030 773 3096 Flavio
788 3031 929 3115 primum
944 3028 1126 3094 actionibus
1141 3028 1247 3094 nullos
1264 3028 1366 3094 fuisse
1381 3027 1429 3094 di·

287 3142 346 3213 cat,
363 3132 433 3218 ‘qui
443 3130 501 3196 illa
511 3131 685 3198 artificiose
699 3133 827 3219 digesta
838 3133 1018 3216 generatim
1032 3137 1273 3218 componerent'
1286 3131 1400 3218 (deor.
1414 3130 1430 3194 I

288 3232 338 3315 41,
353 3233 445 3320 186).Ι
461 3233 631 3307 Fallunter
643 3237 746 3320 igitur
758 3236 814 3322 qui
831 3234 908 3300 Sex.
921 3233 1053 3300 Aelium
1066 3256 1085 3298 a
1096 3233 1245 3300 Varrone
1264 3235 1359 3302 citari
1371 3257 1429 3320 pu·

287 3343 357 3399 tant
370 3334 411 3399 de
422 3334 445 3402 l.
457 3336 478 3401 l.
486 3337 535 3402 VI
548 3338 794 3418 l‘Ictempestum
806 3344 907 3403 Aelius
918 3343 1036 3403 dicebat
1045 3357 1131 3417 quom
1142 3348 1255 3418 tempos
1266 3342 1379 3416 urende·
1388 3347 1432 3402 est
1473 3355 1481 3369 ·

287 3444 423 3502 nollum':
438 3438 525 3525 quod
539 3439 699 3505 Dirkseni
714 3451 930 3506 commentum
947 3439 982 3524 (l.
998 3439 1019 3504 l.
1035 3462 1066 3526 p.
1083 3439 1140 3526 44)
1160 3441 1316 3527 probavit
1330 3432 1429 3506 Kom-

287 3540 370 3626 pfius
388 3538 456 3624 (ad.
473 3540 548 3606 Val.
564 3542 655 3607 Max.
671 3543 722 3608 IV
732 3545 762 3622 3,
779 3544 812 3608 7:
830 3543 888 3609 ubi
904 3565 1012 3609 errore
1024 3543 1105 3607 V13
1121 3544 1303 3629 exaratur),
1319 3543 1354 3606 in
1365 3566 1429 3608 me-

290 3641 341 3706 dio
362 3642 564 3729 reliquerunt
584 3645 779 3710 Huschkius
794 3645 816 3708 l.
833 3645 853 3708 l.
870 3668 903 3732 p.
920 3646 985 3720 ln.
1008 3654 1041 3710 61
1060 3645 1251 3710 Rudorffius
1272 3645 1289 3710 I
1304 3669 1337 3732 p.
1353 3645 1426 3710 234.

288 3744 400 3832 Neque
416 3745 503 3810 enim
516 3785 559 3798 »-
572 3756 610 3813 61
625 3747 666 3812 (16
680 3769 716 3812 66
731 3758 860 3814 taceam
874 3786 917 3798 —-
932 3749 959 3814 is
981 3746 1071 3814 locus
1093 3747 1258 3834 segregari
1280 3755 1389 3834 potest
1410 3770 1430 3811 a

289 3857 413 3934 septem
432 3848 568 3936 reliquis
589 3850 710 3936 quibus
731 3851 836 3915 Varro
857 3834 1085 3919 1616161111616
1107 3849 1146 3914 L.
1169 3849 1257 3916 Aelii
1278 3847 1430 3933 magistri

287 3948 408 4034 placita
422 3950 456 4014 in
471 3950 643 4016 consilium
657 3953 805 4019 vocavit:
826 3953 884 4018 ubi
906 3953 962 4039 qui
984 3952 1186 4037 significetur
1208 3950 1344 4016 dubium
1363 3972 1430 4015 non

288 4060 347 4115 661.
376 4051 463 4116 Nam
483 4053 571 4141 quod
591 4055 753 4142 quaedam
773 4077 815 4120 ex
835 4054 883 4119 eis
899 4055 995 4120 Aelio
1012 4052 1109 4120 Gallo
1125 4063 1158 4120 et
1173 4053 1229 4118 alii
1244 4052 1430 4118 tribuerunt

289 4275 369 4324 quam
390 4259 467 4312 dicat
489 4261 614 4327 crebram
637 4262 711 4329 apud
727 4263 842 4314 Festum
864 4263 1032 4313 mentionem
1055 4277 1117 4314 6666
1136 4260 1257 4313 Orellius
1283 4261 1312 4312 in
1331 4259 1427 4312 Onom.

288 4345 361 4400 Tull,
379 4362 402 4401 s.
420 4362 447 4398 v.
465 4363 521 4399 non
538 4348 628 4414 magis
646 4346 773 4414 equidem
792 4363 924 4414 assequor
942 4361 1024 4414 quam
1042 4362 1094 4412 quo
1117 4349 1176 4398 iure
1194 4346 1355 4398 Huschkius
1373 4346 1429 4396 Iur.

290 4435 344 4483 aut.
365 4449 392 4498 p.
412 4433 443 4484 73
461 4449 487 4483 n.
516 4432 546 4487 0.
570 4434 644 4485 Aelii
667 4434 809 4485 cuiusdam
833 4434 939 4484 referat
963 4436 1056 4488 extare
1081 4433 1154 4498 apud
1178 4431 1293 4499 eundem
1314 4433 1429 4482 Festum

290 4515 394 4582 aliquot
411 4533 444 4568 ex
462 4519 588 4572 oratione
605 4521 773 4586 fragmenta.
809 4518 839 4573 O.
857 4517 972 4570 Laelii
990 4517 1098 4583 quidem
1121 4521 1210 4570 oratio
1233 4534 1281 4583 pro
1306 4533 1336 4567 se
1356 4515 1429 4581 apud

290 4601 418 4666 populum
435 4607 546 4655 notatur
562 4620 589 4670 p.
609 4607 658 4658 193
677 4588 773 4667 et2314
790 4607 842 4671 M„
861 4603 933 4670 quod
950 4619 1049 4656 nomen
1067 4604 1152 4655 etiam
1168 4621 1197 4670 p.
1218 4605 1266 4656 182
1284 4605 1359 4654 recte
1378 4615 1427 4668 pro

291 4684 377 4736 Goelii
394 4689 503 4740 nomine
521 4690 665 4741 substituit
681 4691 797 4742 Lionius
814 4692 843 4740 in
860 4689 951 4741 indice
970 4688 1152 4750 Muelleriano
1172 4705 1197 4754 p.
1216 4691 1274 4741 441.
