3709 5634
413 610 473 677 126
849 628 989 676 11111111
1012 627 1059 678 1v.
1083 629 1115 678 v.
1179 711 1182 715 ι

966 783 988 846 4

496 898 623 965 Gellius
647 900 688 965 N.
713 901 754 965 A.
777 900 831 965 ΙΙΙ
855 900 910 979 16,
937 900 987 965 12.
1017 902 1207 967 ‘Praeterea
1228 924 1289 989 ego
1312 904 1353 970 de
1379 917 1477 992 partu
1498 907 1555 972 hu·

411 1024 507 1067 mano
536 1013 764 1089 praeterquam
793 1024 876 1089 quae
905 1003 1029 1089 scripta
1062 1002 1097 1065 in
1125 1002 1218 1069 libris
1248 1004 1313 1091 legi
1339 1006 1402 1073 hoc
1428 1030 1556 1095 quoque

412 1126 474 1169 usu
496 1104 628 1168 uenisse
650 1103 773 1169 Romae
797 1104 955 1190 comperi:
979 1102 1134 1169 feminam
1155 1106 1252 1172 bonis
1280 1117 1379 1196 atque
1407 1109 1554 1175 honestis

410 1206 566 1290 moribus,
589 1228 655 1272 non
677 1206 832 1291 ambigua
846 1204 1008 1292 pudicitia
1023 1206 1058 1269 in
1081 1205 1251 1273 undecimo
1266 1231 1378 1275 mense
1399 1221 1476 1298 post
1489 1234 1555 1276 ma-

410 1308 467 1373 riti
494 1316 631 1374 mortem
659 1308 826 1395 peperisse
849 1307 1038 1394 factumque
1060 1331 1132 1374 esso
1153 1310 1337 1395 negotium,
1366 1314 1462 1398 quasi
1489 1336 1556 1378 ma·

409 1410 474 1476 rito
497 1418 624 1478 mortuo
647 1420 762 1497 postea
782 1410 1003 1496 concepisset,
1026 1411 1179 1497 quoniam
1194 1412 1373 1478 decemuiri
1393 1413 1556 1480 indecem

409 1513 576 1578 mensibus
599 1512 691 1598 gigni
713 1512 891 1595 hominem,
914 1534 981 1577 non
1002 1513 1037 1576 in
1058 1512 1231 1581 undecimo
1253 1515 1484 1600 scripsissent?

494 1613 656 1699 leianus
678 1612 701 1677 l.
716 1612 801 1677 XIV
824 1613 867 1679 ad
889 1612 1058 1679 Sabinum.
1081 1614 1159 1700 Dig.
1182 1616 1234 1698 38,
1259 1616 1307 1697 16,
1331 1618 1352 1681 3
1374 1622 1395 1699 ᾖ
1417 1618 1448 1683 9.
1475 1618 1555 1684 <vti-

411 1737 474 1803 que
497 1725 530 1781 et
552 1737 594 1780 ex
609 1714 681 1800 lege
697 1715 869 1780 duodecim
884 1714 1071 1781 tabularum
1086 1716 1130 1781 ad
1145 1715 1325 1802 legitimam
1339 1718 1555 1786 hereditatem

409 1817 455 1899 is,
478 1818 591 1903 quiin
612 1827 706 1883 utero
728 1816 809 1899 suit,
833 1816 1035 1900 admittitur,
1059 1819 1087 1881 si
1109 1818 1210 1883 fuerit
1232 1818 1340 1884 editus
1363 1868 1421 1884 ...
1460 1824 1481 1902 ξ
1505 1823 1553 1885 11.

370 1964 373 1970 -
409 1920 489 1983 Post
511 1918 622 1983 decem
644 1940 771 1983 menses
799 1919 914 1985 mortis
942 1929 1038 1985 natus
1067 1942 1132 1986 non
1160 1920 1353 1987 admittetur
1379 1922 1423 1987 ad
1451 1922 1555 2008 legiti-

409 2042 496 2084 mam
518 2020 755 2087 hereditatem!

857 2187 1040 2259 TABVLA
1062 2192 1127 2257 Vx

964 2330 993 2393 1.

494 2444 600 2511 Gaius
623 2445 705 2511 Inst.
729 2445 747 2510 I
771 2446 832 2511 144
853 2468 901 2531 sq.
925 2446 1075 2511 ‘Veteres
1099 2446 1185 2510 enim
1206 2447 1381 2513 uoluerunt
1403 2448 1551 2531 feminas,

409 2548 537 2613 etiamsi
568 2547 734 2634 perfectae
761 2548 879 2612 aetatis
909 2549 992 2629 sint,
1025 2559 1161 2634 propter
1187 2550 1290 2613 animi
1316 2549 1486 2615 leuitatem
1520 2553 1553 2615 in

408 2649 513 2715 tutela
545 2672 616 2715 esse
639 2698 647 2713 .
670 2698 678 2713 .
771 2648 933 2735 loquimur
959 2660 1069 2714 autem
1102 2651 1250 2737 exceptis
1278 2652 1463 2737 uirginibus
1492 2654 1553 2718 Ve-

409 2750 565 2834 stalibus,
599 2773 681 2839 quas
715 2753 814 2817 etiam
846 2760 973 2815 ueteres
1006 2752 1041 2814 in
1076 2751 1232 2817 honorem
1266 2754 1443 2819 sacerdotii
1475 2753 1552 2821 libe

408 2876 462 2919 ras
490 2876 564 2919 esse
590 2853 779 2919 uoluerunt:
809 2854 920 2940 itaque
951 2853 1049 2918 ctiam
1076 2851 1148 2937 lege
1173 2854 1245 2920 XII
1265 2854 1453 2921 tabularum
1481 2877 1552 2920 cau-

408 2965 477 3021 tum
501 2964 574 3022 est?

961 3058 993 3123 2.

491 3177 597 3243 Gaius
628 3176 711 3242 Inst.
740 3175 776 3241 II
808 3177 861 3241 47.
901 3176 1003 3241 ‘Item
1043 3176 1187 3241 mulieris
1229 3199 1313 3264 quae
1351 3178 1386 3241 in
1419 3188 1552 3264 agnato-

408 3300 480 3343 rum
514 3278 618 3345 tutela
646 3289 718 3344 erat
751 3302 803 3343 res
836 3279 980 3365 mancipi
1006 3279 1144 3364 usucapi
1177 3301 1243 3343 non
1275 3288 1429 3364 poterant
1462 3304 1552 3367 prae

407 3390 557 3466 terquam
585 3381 613 3443 si
646 3381 688 3447 ab
715 3380 788 3467 ipsa
819 3390 927 3446 tutore
956 3392 1077 3445 auctore
1108 3380 1252 3446 traditae
1279 3390 1404 3445 essent:
1439 3381 1474 3446 id
1508 3384 1553 3466 (et

408 3484 627 3559 Boeotinqius,·
654 3504 730 3545 nam
751 3480 937 3567 Huscletr'us)
963 3484 1011 3547 ita
1032 3482 1104 3567 lege
1125 3481 1197 3545 XII
1217 3481 1407 3547 tabularum
1433 3497 1552 3548 cautum

353 3585 355 3591 '
407 3591 497 3648 eret?

476 3845 502 3893 4.
521 3842 558 3894 cl.
579 3840 666 3891 Gaius
683 3841 703 3895 l.
720 3840 763 3893 111
782 3842 818 3892 ud
840 3840 931 3909 legem
948 3842 1003 3894 XII
1020 3841 1186 3893 tabularum.
1222 3843 1288 3907 Dig.
1303 3844 1350 3902 48,
1368 3844 1397 3905 6,
1416 3844 1451 3893 43
1469 3841 1516 3907 (ed
1533 3839 1553 3891 l.

408 3926 508 3979 Iulium
526 3926 560 3977 dc
574 3926 671 3991 adult.)
690 3926 732 3977 ‘Si
750 3943 784 3977 ex
802 3927 865 3993 lege
884 3927 1027 3993 repudium
1044 3928 1156 3978 missum
1173 3943 1229 3979 non
1246 3930 1284 3977 sit
1296 3928 1442 3978 etidcirco
1454 3928 1551 3978 mulier

410 4012 499 4064 adhue
517 4016 604 4079 nupts
623 4027 684 4063 esse
701 4011 839 4075 uideatur,
858 4017 950 4063 tumen
969 4015 995 4063 si
1012 4012 1072 4077 quis
1091 4029 1151 4064 eum
1172 4029 1285 4063 uxorem
1302 4012 1426 4078 duxerit,
1446 4013 1552 4063 adulter

408 4113 463 4148 non
482 4098 559 4147 erit.
579 4135 586 4147 .
604 4134 612 4148 .
632 4138 638 4150 .
656 4097 741 4161 idque
763 4096 924 4157 dicendum,
943 4113 978 4147 ne
996 4098 1021 4147 is
1039 4098 1088 4159 qni
1105 4099 1191 4148 sciret
1207 4113 1268 4148 eam
1287 4114 1321 4148 ex
1343 4098 1406 4162 lege
1425 4098 1550 4163 repudia-

408 4188 465 4233 tam
483 4199 539 4234 non
557 4198 618 4233 esse
636 4182 699 4233 dolo
718 4181 791 4232 melo
811 4184 988 4232 committet)

476 4268 502 4317 V
515 4269 539 4320 1.
557 4266 691 4317 GelliusI
710 4270 751 4329 12,
771 4268 802 4316 18
820 4267 985 4317 ‘Praeterea
1002 4267 1031 4315 in
1050 4267 1255 4317 commentariis
1267 4266 1407 4317 Labeonis
1426 4280 1498 4330 quse
1516 4264 1550 4315 sd

408 4350 552 4403 duodecim
570 4350 679 4402 tubulus
697 4352 852 4417 composuit
868 4352 909 4401 ita
927 4351 1059 4416 scriptum
1078 4356 1133 4400 est:
1151 4352 1237 4417 Virgo
1254 4350 1379 4402 Vestalis
1397 4360 1489 4414 nequ'e
1506 4351 1550 4400 he·

342 4472 346 4477 -
408 4452 453 4486 res
471 4441 515 4486 est
533 4436 660 4500 cuiquam
678 4437 813 4486 intestato
831 4450 920 4501 neque
939 4437 1093 4484 intestatus
1111 4436 1269 4501 quisquam,
1287 4436 1336 4485 ssd
1353 4436 1428 4486 bons
1446 4436 1506 4485 eius
1523 4435 1551 4483 111

408 4520 549 4585 publicum
567 4520 657 4586 redigi
675 4522 774 4570 aiunt)

475 4607 501 4655 2.
525 4605 614 4655 (isius
633 4606 700 4658 Inst.
720 4606 734 4655 I
753 4606 801 4655 15⁵1
820 4604 889 4655 ‘Sed
907 4604 972 4655 olim
991 4603 1101 4669 quidem
1120 4609 1252 4670 quantum
1275 4604 1312 4655 sd
1328 4604 1420 4669 legem
1438 4604 1494 4656 x11
1510 4597 1550 4654 ta·

408 4688 534 4743 bulsrum
551 4691 667 4754 attinet,
686 4689 771 4741 etiarn
791 4690 909 4743 feminae
929 4694 1048 4755 agnatos
1066 4690 1209 4741 habebant
1226 4695 1356 4742 tutores!
