3709 5634
460 633 508 680 na
531 633 581 682 xu
604 633 818 681 ranvnnnva
840 633 1017 695 nansqvus
1041 634 1286 686 commannis.
1406 619 1449 685 53

178 802 182 810 '
304 813 339 858 τε
359 791 410 856 καὶ
430 791 621 869 ἀναγραφὴ(
636 788 744 855 αὐτῶν
761 787 821 873 (se.
836 795 904 856 τῶν
919 789 1046 876 νόμων)
1063 790 1140 856 δέκα
1155 790 1358 871 tropicam
1379 795 1448 859 roit

303 895 415 959 ἄλλοτε
425 892 615 975 ἀνέγραψαν
627 892 750 971 νόμοιε,
762 893 813 957 καλ
827 892 911 959 έετιν
927 893 963 959 ἐν
978 899 1017 978 τῇ
1029 893 1162 979 τετάρτῃ
1178 901 1245 961 τῶν
1262 896 1447 974 λεγομένων

304 999 431 1063 δώδεκα
444 995 568 1060 δέλτων
580 995 618 1059 ἃ(
634 994 787 1062 ἀνέθεεαν
801 996 836 1062 έν
848 997 967 1080 ἀγορᾷε
984 993 1020 1058 id
1031 996 1163 1061 minime
1178 997 1312 1082 respicit
1324 996 1367 1061 ad
1378 999 1447 1061 uni-

306 1119 436 1165 versum
451 1096 579 1184 patriae
593 1097 766 1184 potestatis
782 1098 980 1180 institutum,
994 1096 1052 1162 sed
1068 1097 1111 1162 ad
1126 1121 1244 1163 unam
1258 1098 1385 1184 legem
1402 1101 1448 1164 de

304 1199 400 1267 filio
416 1211 478 1266 ter
493 1198 737 1266 venumdato
755 1200 818 1286 (IV
832 1200 886 1285 2),
908 1199 949 1264 de
973 1209 1085 1287 quaet
1105 1201 1140 1264 in
1155 1201 1319 1288 prioribus
1336 1210 1449 1287 egerat

304 1302 487 1390 Dionysius
507 1305 559 1368 καὶ
578 1305 599 1368 ὃ
619 1303 753 1369 πάντων
768 1305 900 1383 μάλιετα
913 1304 1102 1384 θαυμάεειεν
1117 1303 1158 1371 ἄν
1172 1326 1219 1371 uc
1283 1308 1447 1372 καὶτοῦτο

306 1407 506 1488 ευνεχώρηεε
521 1411 568 1491 τῷ
583 1407 678 1487 πατρὶ
694 1408 784 1488 μέχρι
799 1408 904 1488 τρίτη(
924 1407 1073 1488 πρὰεεωε
1094 1406 1157 1489 ἀφ’
1171 1408 1243 1474 υἱοῦ
1258 1409 1447 1490 χρηματίεα·

305 1518 373 1577 εθαι
387 1511 452 1582 κτλ,
469 1516 501 1572 et
514 1529 604 1573 nuno
615 1509 723 1595 ipsum
736 1510 845 1595 pergit
860 1509 911 1575 ὅτι
925 1511 959 1576 δ’
975 1509 1036 1590 οὐχ
1051 1509 1083 1575 ol
1097 1509 1213 1590 tropa
1229 1511 1321 1578 δέκα.
1336 1563 1342 1576 .
1358 1517 1447 1592 πρῶ-

303 1634 363 1680 τον
377 1615 527 1677 τοῦτον
543 1611 746 1691 εἰεηγήεαντο
762 1614 830 1679 τὸν
846 1613 972 1693 νόμον
988 1613 1166 1694 Ῥωμαίοπ,
1182 1613 1260 1678 ola>
1270 1615 1307 1679 ἐκ
1321 1617 1447 1680 πολλοῦ

304 1717 453 1797 κείμενον
474 1715 718 1795 παραλαβόντες
739 1715 801 1780 οὐκ
823 1716 999 1796 ἐτόλμηεαν
1023 1717 1150 1782 ἀνελεῖν
1175 1715 1211 1780 ἐκ
1232 1718 1367 1785 πολλῶν
1391 1719 1448 1797 μέν

303 1821 354 1884 καὶ
368 1818 480 1884 ἄλλων
500 1817 796 1899 καταλαμβάνομαι,
816 1818 947 1897 μάλπτα
968 1820 1002 1882 δ’
1017 1819 1052 1887 ἐκ
1071 1821 1138 1884 τῶν
1162 1818 1251 1898 Νομᾶ
1265 1819 1448 1898 Πομπιλίου

304 1973 311 1987 .
327 1973 334 1986 .
351 1974 357 1986 .
373 1921 485 2000 νόμων
501 1921 537 1987 ἐν
552 1920 601 1986 oic
616 1921 667 1985 καὶ
679 1919 776 1986 οὗτοε
787 1921 963 2002 γέγραπται
979 1925 999 1985 ³.
1017 1970 1023 1984 .
1040 1928 1059 1984 .'
1076 1919 1157 2000 ὅπερ
1175 1921 1239 1986 οὐτ’
1249 1922 1293 1987 ἂν
1305 1921 1448 2004 ἔγραψεν

304 2025 330 2090 εἰ
352 2027 393 2105 μὴ
416 2019 495 2089 κατὰ
515 2015 593 2089 ’τοὺς
613 2025 795 2105 προτέρου(
815 2024 937 2104 νόμους
962 2022 1107 2091 ἅπαντα(
1134 2024 1224 2103 ἐξῆν
1251 2030 1302 2108 τῷ
1330 2021 1450 2105 πατρὶ

303 2130 456 2193 πωλεῖν
481 2127 576 2192 roric
601 2127 720 2192 alode.
750 2125 868 2212 Itaque
891 2127 982 2213 prior
1006 2125 1096 2191 loeus
1123 2126 1221 2191 1126
1244 2125 1311 2212 (ap.
1332 2125 1448 2193 Dirks.

305 2228 354 2293 IV
369 2228 404 2316 2)
420 2227 517 2294 nobis
532 2228 730 2294 omittendus
746 2229 820 2294 fuit.

269 2315 274 2322 ’
388 2330 511 2415 Legem
524 2331 560 2395 in
574 2329 668 2397 libris
690 2331 735 2396 ad
749 2329 952 2396 Herennium
966 2330 985 2395 I
1001 2330 1056 2414 13,
1072 2331 1115 2395 23
1129 2331 1221 2397 inter
1235 2331 1299 2395 tria
1314 2329 1385 2409 XII
1400 2341 1453 2417 tas

304 2431 456 2498 bularum
482 2433 523 2498 de
549 2434 620 2498 iure
644 2433 844 2500 hereditario
870 2442 996 2498 statuta
1021 2433 1177 2499 insertam
1204 2423 1273 2512 ‘qui
1291 2445 1450 2514 parentem

304 2555 426 2623 necasse
439 2539 590 2601 iudicatus
603 2541 662 2601 erit
667 2587 674 2607 ‚
690 2547 723 2600 ut
736 2543 762 2601 is
776 2541 926 2601 obuautus
940 2546 969 2600 et
982 2541 1127 2614 obtinatus
1141 2543 1224 2602 corio
1244 2541 1404 2601 deiiciatur
1418 2545 1450 2602 in

299 2643 517 2717 profluentem'
531 2639 602 2704 iure
617 2637 805 2728 repudiavit
815 2628 1009 2704 'Dirlisenus
1025 2663 1057 2728 p.
1073 2639 1136 2706 453
1152 2663 1224 2728 sqq.
1240 2663 1260 2702 a
1275 2639 1450 2707 Schuetzio

305 2739 505 2824 damnatam,
520 2763 593 2806 oum
608 2761 713 2828 neque
727 2743 761 2806 in
773 2741 941 2809 Ciceronis
958 2742 999 2808 de
1014 2742 1203 2808 inventione
1219 2741 1289 2807 looo
1305 2764 1450 2828 congruo
1542 2753 1545 2758 '

304 2843 340 2909 II
354 2843 408 2926 50,
422 2843 483 2909 148
497 2845 717 2932 compareat¹)
733 2868 838 2932 neque
853 2846 1034 2933 quidquam
1045 2844 1088 2910 ad
1098 2845 1382 2910 ratiocinationem
1394 2846 1451 2911 tri·

304 2947 365 3012 bus
377 2945 444 3012 illis
455 2946 584 3034 legibus
596 2947 746 3014 effectam
756 2948 969 3035 pertinenter
980 2948 1054 3035 ipsa
1064 2935 1450 3014 forma‘ut—der'ioiatur’

305 3087 346 3098 -
362 3047 442 3117 dum
456 3049 491 3114 in
505 3050 622 3115 ceteris
638 3060 789 3117 servatur
803 3051 1018 3139 imperativus
1035 3057 1117 3115 ‘esto’
1133 3050 1451 3137 -interpolatorem

305 3151 436 3240 prodat.
460 3153 566 3234 Quem
581 3153 753 3239 Kayserus
768 3151 855 3220 vidit
869 3175 912 3218 ex
926 3154 973 3218 eis
990 3175 1074 3240 quae
1090 3160 1272 3238 sequuntur
1293 3153 1382 3239 apud
1398 3153 1460 3218 oi:

306 3277 457 3320 seronem
471 3255 513 3319 de
527 3255 595 3320 inv.
611 3260 632 3338 ξ
650 3255 711 3320 149
725 3279 786 3321 sua
799 3255 959 3320 hausisse.
981 3255 1096 3342 Neque
1111 3276 1190 3321 vero
1207 3253 1388 3342 quidquam
1403 3254 1451 3319 lu-

307 3380 435 3422 cramur
454 3357 545 3423 Festi
565 3355 637 3423 loeo
658 3380 754 3445 quem
769 3358 991 3425 Golhofredus
1013 3358 1069 3424 isti
1091 3357 1262 3423 coniunxit
1282 3381 1315 3444 p.
1339 3358 1400 3424 170
1421 3383 1451 3423 v.

307 3464 435 3542 Nuptias
458 3509 490 3525 ..
515 3467 599 3540 ‘quta
616 3467 754 3540 flammeo
773 3472 867 3541 caput
884 3466 1019 3526 nubentis
1037 3465 1224 3538 obvolvatur,
1244 3465 1325 3540 quod
1338 3467 1455 3540 antique·

306 3567 453 3628 obnubere
472 3570 622 3627 vocarint:
642 3568 679 3628 ob
692 3584 782 3643 quam
801 3584 926 3629 causam
946 3571 1064 3642 lenem
1091 3583 1207 3642 quoque
1229 3567 1452 3648 parenstam

306 3671 407 3731 tubere
420 3678 513 3744 eaput
524 3673 589 3731 eius
602 3671 748 3731 obnubere
762 3673 816 3745 qut
825 3676 982 3746 parentem
997 3672 1172 3742 necavisset,
1194 3671 1275 3744 quod
1293 3677 1336 3730 est
1349 3673 1451 3731 obuol-

306 3775 398 3834 μετα*
421 3768 507 3833 Nam
522 3768 610 3855 quod
625 3769 818 3854 corrigendo
835 3769 967 3834 demum
983 3768 1090 3833 effecit
1105 3774 1213 3846 ‘leuem
1229 3789 1343 3846 quoque
1359 3772 1381 3803 ‘³
1393 3775 1455 3847 qut

303 3856 540 3953 purentera'',
556 3894 622 3937 uon
637 3874 743 3958 magis
758 3872 873 3955 habet,
890 3871 948 3959 qui
970 3892 1005 3935 se
1021 3871 1239 3950 commendet,
1262 3891 1360 3954 quarn
1377 3869 1452 3934 Soa-

306 3975 401 4062 ligeri
424 3975 611 4042 oonieetura
632 3979 668 4039 ‘l.
684 3997 712 4054 q.
731 3980 902 4056 “parens'’
918 3983 959 4037 ta.
975 3977 1045 4037 III’
1068 3973 1105 4059 (i.
1122 3995 1150 4037 e.
1172 3970 1285 4038 tabula
1306 3969 1373 4055 ΙΙΙ)
1397 3981 1455 4036 aut

306 4079 439 4145 Hertzii
455 4084 477 4116 ‘³
485 4099 600 4158 parens
622 4088 682 4145 tam
694 4087 715 4113 ''
733 4079 781 4164 (in
796 4076 960 4142 Fleckeis.
977 4074 1097 4140 Annal.
1113 4073 1192 4162 phil.
1212 4073 1291 4138 1861
1308 4095 1341 4158 p.
1356 4072 1451 4158 220):
1482 4105 1484 4109 v

207 4263 213 4272 .
307 4204 392 4268 ‘luae
406 4182 511 4247 verba
525 4183 620 4268 quasi
633 4182 767 4248 titulum
781 4179 864 4266 legis
879 4202 922 4245 ex
937 4177 1009 4243 XII
1024 4178 1215 4263 desumptae
1235 4173 1383 4259 intellegi
1398 4197 1454 4254 vo·
1553 4195 1556 4200 ·

307 4284 389 4349 lunt.
428 4283 514 4348 Nam
538 4284 664 4349 etiamsi
683 4285 841 4371 probetur
862 4281 973 4366 legum
996 4302 1115 4366 eorpus
1142 4278 1256 4344 eodem
1278 4279 1366 4359 iure,
1389 4299 1453 4364 quo

309 4385 454 4452 carmina
468 4386 604 4452 Homeri
620 4395 678 4452 aut
692 4384 846 4472 Vergilii,
863 4384 910 4450 eis
926 4383 1038 4450 verbis
1059 4405 1079 4447 a
1100 4383 1218 4469 quibus
1241 4380 1390 4448 ordiatur
1411 4381 1453 4445 oi-

378 4629 403 4696 1)
421 4632 594 4695 Quamquam
611 4629 796 4683 cosmanus
814 4628 922 4696 quidem
940 4628 1012 4679 haee
1035 4638 1090 4676 non
1107 4625 1194 4676 solum
1217 4626 1274 4694 legi
1291 4627 1345 4678 XII
1364 4626 1453 4678 reddi·

310 4715 359 4780 dit,
379 4714 428 4766 sed
448 4715 531 4766 etiam
549 4716 630 4768 libris
649 4716 682 4768 de
700 4714 859 4767 inventione
876 4713 1018 4765 reddenda
1038 4712 1244 4806 osse‘opinatur
1260 4729 1286 4780 p.
1305 4714 1346 4766 24.
