<?xml version="1.0" encoding="UTF-8"?>
<!DOCTYPE html PUBLIC "-//W3C//DTD XHTML 1.0 Transitional//EN"
    "http://www.w3.org/TR/xhtml1/DTD/xhtml1-transitional.dtd">
<html xmlns="http://www.w3.org/1999/xhtml" xml:lang="en" lang="en">
 <head>
  <title>
</title>
<meta http-equiv="Content-Type" content="text/html;charset=utf-8" />
  <meta name='ocr-system' content='tesseract 3.04.00' />
  <meta name='ocr-capabilities' content='ocr_page ocr_carea ocr_par ocr_line ocrx_word'/>
</head>
<body>
  <div class='ocr_page' id='page_1' title='image "./legisdvodecimta00schgoog_0092.png"; bbox 0 0 3709 5634; ppageno 0'>
   <div class='ocr_carea' id='block_1_1' title="bbox 422 641 1142 737">
    <p class='ocr_par' dir='ltr' id='par_1_1' title="bbox 422 641 1142 737">
     <span class='ocr_line' id='line_1_1' title="bbox 422 641 1142 737; baseline -0.008 -8"><span class='ocrx_word' id='word_1_1' title='bbox 422 666 462 729; x_wconf 76' lang='lat' dir='ltr'><strong>ll</strong></span> <span class='ocrx_word' id='word_1_2' title='bbox 829 641 941 725; x_wconf 68' lang='lat' dir='ltr'><strong>creir</strong></span> <span class='ocrx_word' id='word_1_3' title='bbox 964 676 1142 737; x_wconf 68' lang='lat' dir='ltr'><strong>oviarvn.</strong></span> 
     </span>
    </p>
   </div>
   <div class='ocr_carea' id='block_1_2' title="bbox 378 819 1564 3981">
    <p class='ocr_par' dir='ltr' id='par_1_2' title="bbox 378 819 1562 2145">
     <span class='ocr_line' id='line_1_2' title="bbox 421 819 1562 919; baseline -0.005 -20"><span class='ocrx_word' id='word_1_4' title='bbox 421 834 590 900; x_wconf 81' lang='lat' dir='ltr'>excusatio</span> <span class='ocrx_word' id='word_1_5' title='bbox 613 819 942 919; x_wconf 67' lang='lat' dir='ltr'><strong>sponte&#39;comparata</strong></span> <span class='ocrx_word' id='word_1_6' title='bbox 962 839 1013 895; x_wconf 90' lang='lat' dir='ltr'><strong>est</strong></span> <span class='ocrx_word' id='word_1_7' title='bbox 1033 830 1124 895; x_wconf 92' lang='lat' dir='ltr'><strong>velut</strong></span> <span class='ocrx_word' id='word_1_8' title='bbox 1139 830 1173 893; x_wconf 91' lang='lat' dir='ltr'><strong>in</strong></span> <span class='ocrx_word' id='word_1_9' title='bbox 1195 830 1368 915; x_wconf 90' lang='lat' dir='ltr'><strong>oppositis:</strong></span> <span class='ocrx_word' id='word_1_10' title='bbox 1391 836 1437 894; x_wconf 77' lang='lat' dir='ltr'><strong>‘si</strong></span> <span class='ocrx_word' id='word_1_11' title='bbox 1451 841 1562 909; x_wconf 82' lang='lat' dir='ltr'><strong>paler</strong></span> 
     </span>
     <span class='ocr_line' id='line_1_3' title="bbox 378 932 1560 1019; baseline -0.003 -18"><span class='ocrx_word' id='word_1_12' title='bbox 378 944 388 954; x_wconf 84' lang='lat'><em>&#39;</em></span> <span class='ocrx_word' id='word_1_13' title='bbox 418 946 513 1015; x_wconf 77' lang='lat' dir='ltr'><strong>silium</strong></span> <span class='ocrx_word' id='word_1_14' title='bbox 529 948 573 1001; x_wconf 85' lang='lat' dir='ltr'><strong>ter</strong></span> <span class='ocrx_word' id='word_1_15' title='bbox 595 956 697 1000; x_wconf 86' lang='lat' dir='ltr'><strong>venam</strong></span> <span class='ocrx_word' id='word_1_16' title='bbox 719 941 796 1011; x_wconf 72' lang='lat' dir='ltr'><strong>clarit,</strong></span> <span class='ocrx_word' id='word_1_17' title='bbox 815 938 927 1011; x_wconf 85' lang='lat' dir='ltr'><strong>silias</strong></span> <span class='ocrx_word' id='word_1_18' title='bbox 948 954 968 996; x_wconf 91' lang='lat' dir='ltr'><strong>a</strong></span> <span class='ocrx_word' id='word_1_19' title='bbox 984 948 1077 1013; x_wconf 82' lang='lat' dir='ltr'><strong>patre</strong></span> <span class='ocrx_word' id='word_1_20' title='bbox 1091 938 1166 997; x_wconf 83' lang='lat' dir='ltr'><strong>liber</strong></span> <span class='ocrx_word' id='word_1_21' title='bbox 1179 940 1256 996; x_wconf 86' lang='lat' dir='ltr'><strong>eslo’</strong></span> <span class='ocrx_word' id='word_1_22' title='bbox 1274 932 1338 1017; x_wconf 89' lang='lat' dir='ltr'><strong>(IV</strong></span> <span class='ocrx_word' id='word_1_23' title='bbox 1351 932 1403 1016; x_wconf 96' lang='grc'><strong>2),</strong></span> <span class='ocrx_word' id='word_1_24' title='bbox 1424 934 1560 1019; x_wconf 88' lang='lat' dir='ltr'><strong>pariter·</strong></span> 
     </span>
     <span class='ocr_line' id='line_1_4' title="bbox 421 1034 1561 1128; baseline -0.004 -25"><span class='ocrx_word' id='word_1_25' title='bbox 421 1062 484 1128; x_wconf 90' lang='lat' dir='ltr'><strong>que</strong></span> <span class='ocrx_word' id='word_1_26' title='bbox 505 1045 698 1102; x_wconf 83' lang='lat' dir='ltr'><strong>‘mulieres</strong></span> <span class='ocrx_word' id='word_1_27' title='bbox 716 1057 811 1115; x_wconf 72' lang='lat' dir='ltr'><strong>penas</strong></span> <span class='ocrx_word' id='word_1_28' title='bbox 825 1058 862 1100; x_wconf 88' lang='lat' dir='ltr'><strong>ae</strong></span> <span class='ocrx_word' id='word_1_29' title='bbox 876 1039 1022 1099; x_wconf 84' lang='lat' dir='ltr'><strong>radvalo&#39;</strong></span> <span class='ocrx_word' id='word_1_30' title='bbox 1039 1034 1089 1114; x_wconf 88' lang='lat' dir='ltr'><strong>(X</strong></span> <span class='ocrx_word' id='word_1_31' title='bbox 1102 1035 1155 1120; x_wconf 87' lang='lat'><strong>4),</strong></span> <span class='ocrx_word' id='word_1_32' title='bbox 1172 1041 1219 1098; x_wconf 76' lang='lat' dir='ltr'><strong>‘si</strong></span> <span class='ocrx_word' id='word_1_33' title='bbox 1230 1054 1372 1098; x_wconf 71' lang='lat' dir='ltr'><strong>emonam</strong></span> <span class='ocrx_word' id='word_1_34' title='bbox 1382 1042 1470 1113; x_wconf 84' lang='lat' dir='ltr'><strong>parii</strong></span> <span class='ocrx_word' id='word_1_35' title='bbox 1483 1042 1561 1115; x_wconf 85' lang='lat' dir='ltr'><strong>ipse</strong></span> 
     </span>
     <span class='ocr_line' id='line_1_5' title="bbox 407 1136 1561 1225; baseline -0.003 -19"><span class='ocrx_word' id='word_1_36' title='bbox 407 1183 410 1189; x_wconf 36' lang='lat' dir='ltr'><strong>v</strong></span> <span class='ocrx_word' id='word_1_37' title='bbox 419 1149 626 1222; x_wconf 79' lang='lat' dir='ltr'><em>pecuniave</em></span> <span class='ocrx_word' id='word_1_38' title='bbox 640 1146 713 1203; x_wconf 87' lang='lat' dir='ltr'><strong>eivs’</strong></span> <span class='ocrx_word' id='word_1_39' title='bbox 732 1138 780 1225; x_wconf 87' lang='lat' dir='ltr'><strong>(X</strong></span> <span class='ocrx_word' id='word_1_40' title='bbox 796 1140 841 1225; x_wconf 80' lang='grc'><strong>7),</strong></span> <span class='ocrx_word' id='word_1_41' title='bbox 859 1144 899 1201; x_wconf 78' lang='lat' dir='ltr'><strong>‘si</strong></span> <span class='ocrx_word' id='word_1_42' title='bbox 911 1159 1043 1201; x_wconf 85' lang='lat' dir='ltr'><strong>servas</strong></span> <span class='ocrx_word' id='word_1_43' title='bbox 1054 1140 1175 1213; x_wconf 83' lang='lat' dir='ltr'><strong>sartam</strong></span> <span class='ocrx_word' id='word_1_44' title='bbox 1186 1141 1274 1213; x_wconf 75' lang='lat' dir='ltr'><strong>savit</strong></span> <span class='ocrx_word' id='word_1_45' title='bbox 1288 1136 1373 1216; x_wconf 88' lang='lat' dir='ltr'>(XII</span> <span class='ocrx_word' id='word_1_46' title='bbox 1387 1138 1436 1223; x_wconf 89' lang='grc'>3),</span> <span class='ocrx_word' id='word_1_47' title='bbox 1452 1143 1499 1200; x_wconf 77' lang='lat' dir='ltr'><strong>‘ui</strong></span> <span class='ocrx_word' id='word_1_48' title='bbox 1512 1145 1561 1203; x_wconf 85' lang='lat' dir='ltr'><strong>iv-</strong></span> 
     </span>
     <span class='ocr_line' id='line_1_6' title="bbox 405 1238 1561 1330; baseline -0.003 -23"><span class='ocrx_word' id='word_1_49' title='bbox 405 1251 554 1309; x_wconf 81' lang='lat' dir='ltr'><strong>·dicatam</strong></span> <span class='ocrx_word' id='word_1_50' title='bbox 566 1247 646 1319; x_wconf 83' lang='lat' dir='ltr'><strong>facil</strong></span> <span class='ocrx_word' id='word_1_51' title='bbox 661 1253 714 1305; x_wconf 86' lang='lat' dir='ltr'><strong>aul</strong></span> <span class='ocrx_word' id='word_1_52' title='bbox 727 1248 790 1319; x_wconf 84' lang='lat' dir='ltr'><strong>qvi</strong></span> <span class='ocrx_word' id='word_1_53' title='bbox 793 1262 808 1303; x_wconf 89' lang='lat' dir='ltr'><strong>s</strong></span> <span class='ocrx_word' id='word_1_54' title='bbox 821 1245 952 1330; x_wconf 22' lang='lat' dir='ltr'><strong>eodo&#39;eo</strong></span> <span class='ocrx_word' id='word_1_55' title='bbox 967 1246 998 1303; x_wconf 86' lang='lat' dir='ltr'><strong>ia</strong></span> <span class='ocrx_word' id='word_1_56' title='bbox 1012 1245 1079 1302; x_wconf 85' lang='lat' dir='ltr'><strong>ivre</strong></span> <span class='ocrx_word' id='word_1_57' title='bbox 1092 1244 1226 1303; x_wconf 80' lang='lat' dir='ltr'><strong>vindicit&#39;</strong></span> <span class='ocrx_word' id='word_1_58' title='bbox 1245 1238 1375 1326; x_wconf 74' lang='lat'><strong>(1113),</strong></span> <span class='ocrx_word' id='word_1_59' title='bbox 1392 1248 1467 1304; x_wconf 77' lang='lat' dir='ltr'><strong>‘aaa&#39;</strong></span> <span class='ocrx_word' id='word_1_60' title='bbox 1480 1246 1561 1304; x_wconf 82' lang='lat' dir='ltr'><strong>lesti-</strong></span> 
     </span>
     <span class='ocr_line' id='line_1_7' title="bbox 421 1339 1559 1427; baseline -0.004 -18"><span class='ocrx_word' id='word_1_61' title='bbox 421 1352 549 1409; x_wconf 85' lang='lat' dir='ltr'><strong>moniam</strong></span> <span class='ocrx_word' id='word_1_62' title='bbox 564 1348 709 1421; x_wconf 79' lang='lat' dir='ltr'><strong>desiverit,</strong></span> <span class='ocrx_word' id='word_1_63' title='bbox 725 1351 755 1407; x_wconf 84' lang='lat' dir='ltr'><strong>v&#39;s</strong></span> <span class='ocrx_word' id='word_1_64' title='bbox 769 1350 863 1407; x_wconf 81' lang='lat' dir='ltr'><strong>tertiis</strong></span> <span class='ocrx_word' id='word_1_65' title='bbox 878 1339 981 1407; x_wconf 83' lang='lat' dir='ltr'><strong>diebvs</strong></span> <span class='ocrx_word' id='word_1_66' title='bbox 994 1346 1030 1405; x_wconf 81' lang='lat' dir='ltr'><strong>ab</strong></span> <span class='ocrx_word' id='word_1_67' title='bbox 1040 1352 1159 1422; x_wconf 84' lang='lat' dir='ltr'><strong>portam</strong></span> <span class='ocrx_word' id='word_1_68' title='bbox 1169 1347 1378 1420; x_wconf 72' lang='lat' dir='ltr'><strong>olvapalatam</strong></span> <span class='ocrx_word' id='word_1_69' title='bbox 1388 1348 1439 1405; x_wconf 83' lang='lat' dir='ltr'><strong>ilo&#39;</strong></span> <span class='ocrx_word' id='word_1_70' title='bbox 1453 1340 1559 1427; x_wconf 82' lang='lat'><strong>(113).</strong></span> 
     </span>
     <span class='ocr_line' id='line_1_8' title="bbox 422 1442 1561 1532; baseline -0.006 -19"><span class='ocrx_word' id='word_1_71' title='bbox 422 1450 546 1513; x_wconf 78' lang='lat' dir='ltr'>Contra</span> <span class='ocrx_word' id='word_1_72' title='bbox 571 1446 815 1511; x_wconf 82' lang='lat' dir='ltr'><strong>excusationem</strong></span> <span class='ocrx_word' id='word_1_73' title='bbox 840 1468 906 1510; x_wconf 91' lang='lat' dir='ltr'><strong>non</strong></span> <span class='ocrx_word' id='word_1_74' title='bbox 932 1445 1069 1510; x_wconf 88' lang='lat' dir='ltr'><strong>haberet</strong></span> <span class='ocrx_word' id='word_1_75' title='bbox 1093 1443 1182 1531; x_wconf 93' lang='lat' dir='ltr'><strong>quod</strong></span> <span class='ocrx_word' id='word_1_76' title='bbox 1207 1443 1333 1532; x_wconf 80' lang='lat' dir='ltr'>placuit</span> <span class='ocrx_word' id='word_1_77' title='bbox 1357 1442 1561 1528; x_wconf 85' lang='lat' dir='ltr'><strong>Goettlingio</strong></span> 
     </span>
     <span class='ocr_line' id='line_1_9' title="bbox 421 1546 1562 1635; baseline -0.005 -20"><span class='ocrx_word' id='word_1_78' title='bbox 421 1551 524 1633; x_wconf 90' lang='lat' dir='ltr'><strong>(Hist.</strong></span> <span class='ocrx_word' id='word_1_79' title='bbox 550 1551 629 1635; x_wconf 90' lang='lat' dir='ltr'><strong>reip.</strong></span> <span class='ocrx_word' id='word_1_80' title='bbox 657 1549 750 1613; x_wconf 88' lang='lat' dir='ltr'><strong>Rom.</strong></span> <span class='ocrx_word' id='word_1_81' title='bbox 778 1547 900 1612; x_wconf 87' lang='lat' dir='ltr'><strong>admin.</strong></span> <span class='ocrx_word' id='word_1_82' title='bbox 927 1570 959 1633; x_wconf 91' lang='lat' dir='ltr'><strong>p.</strong></span> <span class='ocrx_word' id='word_1_83' title='bbox 986 1547 1064 1628; x_wconf 91' lang='grc'>323)</span> <span class='ocrx_word' id='word_1_84' title='bbox 1090 1546 1126 1609; x_wconf 89' lang='lat' dir='ltr'><strong>in</strong></span> <span class='ocrx_word' id='word_1_85' title='bbox 1147 1546 1258 1612; x_wconf 88' lang='lat' dir='ltr'><strong>verbis</strong></span> <span class='ocrx_word' id='word_1_86' title='bbox 1285 1552 1396 1609; x_wconf 76' lang='lat' dir='ltr'><strong>‘tertiis</strong></span> <span class='ocrx_word' id='word_1_87' title='bbox 1420 1551 1562 1609; x_wconf 82' lang='lat' dir='ltr'><strong>nundinis</strong></span> 
     </span>
     <span class='ocr_line' id='line_1_10' title="bbox 417 1647 1562 1736; baseline -0.003 -21"><span class='ocrx_word' id='word_1_88' title='bbox 417 1660 517 1733; x_wconf 84' lang='lat' dir='ltr'><strong>partis</strong></span> <span class='ocrx_word' id='word_1_89' title='bbox 536 1652 671 1717; x_wconf 80' lang='lat' dir='ltr'><strong>sccaalo’</strong></span> <span class='ocrx_word' id='word_1_90' title='bbox 689 1650 970 1736; x_wconf 76' lang='lat' dir='ltr'><strong>(1116)‘partes&#39;</strong></span> <span class='ocrx_word' id='word_1_91' title='bbox 991 1648 1230 1714; x_wconf 83' lang='lat' dir='ltr'><strong>nominativum</strong></span> <span class='ocrx_word' id='word_1_92' title='bbox 1251 1671 1363 1713; x_wconf 86' lang='lat' dir='ltr'><strong>casum</strong></span> <span class='ocrx_word' id='word_1_93' title='bbox 1384 1670 1459 1712; x_wconf 86' lang='lat' dir='ltr'><strong>esse</strong></span> <span class='ocrx_word' id='word_1_94' title='bbox 1472 1647 1562 1713; x_wconf 89' lang='lat' dir='ltr'><strong>intel-</strong></span> 
     </span>
     <span class='ocr_line' id='line_1_11' title="bbox 419 1749 1562 1840; baseline -0.003 -22"><span class='ocrx_word' id='word_1_95' title='bbox 419 1754 639 1840; x_wconf 87' lang='lat' dir='ltr'><strong>legendosque</strong></span> <span class='ocrx_word' id='word_1_96' title='bbox 665 1752 859 1817; x_wconf 85' lang='lat' dir='ltr'><strong>creditores:</strong></span> <span class='ocrx_word' id='word_1_97' title='bbox 887 1774 961 1815; x_wconf 91' lang='lat' dir='ltr'><strong>cum</strong></span> <span class='ocrx_word' id='word_1_98' title='bbox 982 1759 1072 1815; x_wconf 87' lang='lat' dir='ltr'><strong>recte</strong></span> <span class='ocrx_word' id='word_1_99' title='bbox 1097 1749 1280 1837; x_wconf 80' lang='lat' dir='ltr'><strong>explicetur</strong></span> <span class='ocrx_word' id='word_1_100' title='bbox 1305 1752 1356 1815; x_wconf 78' lang='lat' dir='ltr'><strong>‘in</strong></span> <span class='ocrx_word' id='word_1_101' title='bbox 1381 1761 1495 1837; x_wconf 85' lang='lat' dir='ltr'><strong>partes</strong></span> <span class='ocrx_word' id='word_1_102' title='bbox 1516 1773 1562 1815; x_wconf 88' lang='lat' dir='ltr'><strong>se·</strong></span> 
     </span>
     <span class='ocr_line' id='line_1_12' title="bbox 420 1852 1561 1939; baseline -0.004 -18"><span class='ocrx_word' id='word_1_103' title='bbox 420 1863 545 1937; x_wconf 87' lang='lat' dir='ltr'><strong>canto’‚</strong></span> <span class='ocrx_word' id='word_1_104' title='bbox 566 1856 721 1919; x_wconf 91' lang='lat' dir='ltr'><strong>nimirum</strong></span> <span class='ocrx_word' id='word_1_105' title='bbox 741 1855 847 1919; x_wconf 89' lang='lat' dir='ltr'><strong>bona</strong></span> <span class='ocrx_word' id='word_1_106' title='bbox 874 1852 1051 1931; x_wconf 84' lang='lat' dir='ltr'><strong>debitoris,</strong></span> <span class='ocrx_word' id='word_1_107' title='bbox 1073 1876 1141 1917; x_wconf 92' lang='lat' dir='ltr'><strong>nou</strong></span> <span class='ocrx_word' id='word_1_108' title='bbox 1162 1874 1291 1939; x_wconf 88' lang='lat' dir='ltr'><strong>corpus.</strong></span> <span class='ocrx_word' id='word_1_109' title='bbox 1301 1855 1326 1938; x_wconf 88' lang='lat'><strong>¹)</strong></span> <span class='ocrx_word' id='word_1_110' title='bbox 1364 1852 1434 1917; x_wconf 87' lang='lat' dir='ltr'><strong>Nec</strong></span> <span class='ocrx_word' id='word_1_111' title='bbox 1457 1852 1561 1938; x_wconf 85' lang='lat' dir='ltr'><strong>magis</strong></span> 
     </span>
     <span class='ocr_line' id='line_1_13' title="bbox 419 1954 1562 2045; baseline -0.003 -23"><span class='ocrx_word' id='word_1_112' title='bbox 419 1959 590 2045; x_wconf 87' lang='lat' dir='ltr'><strong>Kayserus</strong></span> <span class='ocrx_word' id='word_1_113' title='bbox 606 1955 806 2036; x_wconf 88' lang='lat' dir='ltr'><strong>audiendus,</strong></span> <span class='ocrx_word' id='word_1_114' title='bbox 829 1956 885 2041; x_wconf 92' lang='lat' dir='ltr'><strong>qui</strong></span> <span class='ocrx_word' id='word_1_115' title='bbox 905 1977 964 2041; x_wconf 91' lang='lat' dir='ltr'><strong>pro</strong></span> <span class='ocrx_word' id='word_1_116' title='bbox 989 1963 1068 2019; x_wconf 85' lang='lat' dir='ltr'><strong>‘rem</strong></span> <span class='ocrx_word' id='word_1_117' title='bbox 1089 1959 1285 2037; x_wconf 32' lang='lat' dir='ltr'><strong>vbixpaavat&#39;</strong></span> <span class='ocrx_word' id='word_1_118' title='bbox 1310 1955 1369 2020; x_wconf 85' lang='lat'><strong>16</strong></span> <span class='ocrx_word' id='word_1_119' title='bbox 1389 1977 1465 2019; x_wconf 88' lang='lat' dir='ltr'><strong>cum</strong></span> <span class='ocrx_word' id='word_1_120' title='bbox 1485 1954 1562 2019; x_wconf 87' lang='lat' dir='ltr'><strong>Rut-</strong></span> 
     </span>
     <span class='ocr_line' id='line_1_14' title="bbox 419 2056 1347 2145; baseline -0.002 -22"><span class='ocrx_word' id='word_1_121' title='bbox 419 2062 528 2145; x_wconf 86' lang='lat' dir='ltr'><strong>gersio</strong></span> <span class='ocrx_word' id='word_1_122' title='bbox 545 2065 616 2123; x_wconf 77' lang='lat' dir='ltr'><strong>‘vei</strong></span> <span class='ocrx_word' id='word_1_123' title='bbox 629 2064 680 2122; x_wconf 81' lang='lat' dir='ltr'><strong>abi</strong></span> <span class='ocrx_word' id='word_1_124' title='bbox 690 2063 735 2137; x_wconf 84' lang='lat' dir='ltr'><strong>p.’</strong></span> <span class='ocrx_word' id='word_1_125' title='bbox 752 2056 845 2122; x_wconf 84' lang='lat' dir='ltr'><strong>malit</strong></span> <span class='ocrx_word' id='word_1_126' title='bbox 859 2058 980 2141; x_wconf 82' lang='lat' dir='ltr'><strong>corrigi</strong></span> <span class='ocrx_word' id='word_1_127' title='bbox 996 2056 1054 2143; x_wconf 89' lang='lat' dir='ltr'><strong>(ad</strong></span> <span class='ocrx_word' id='word_1_128' title='bbox 1070 2056 1195 2123; x_wconf 80' lang='lat' dir='ltr'><strong>Cornif.</strong></span> <span class='ocrx_word' id='word_1_129' title='bbox 1209 2080 1243 2144; x_wconf 90' lang='lat' dir='ltr'><strong>p.</strong></span> <span class='ocrx_word' id='word_1_130' title='bbox 1258 2057 1347 2141; x_wconf 82' lang='lat'><strong>251).</strong></span> 
     </span>
    </p>

    <p class='ocr_par' dir='ltr' id='par_1_3' title="bbox 419 2158 1564 3981">
     <span class='ocr_line' id='line_1_15' title="bbox 504 2158 1562 2246; baseline -0.001 -21"><span class='ocrx_word' id='word_1_131' title='bbox 504 2162 619 2246; x_wconf 89' lang='lat' dir='ltr'><strong>Neque</strong></span> <span class='ocrx_word' id='word_1_132' title='bbox 634 2170 742 2224; x_wconf 86' lang='lat' dir='ltr'><strong>tamen</strong></span> <span class='ocrx_word' id='word_1_133' title='bbox 758 2161 901 2245; x_wconf 85' lang='lat' dir='ltr'><strong>vestigia</strong></span> <span class='ocrx_word' id='word_1_134' title='bbox 917 2160 1037 2225; x_wconf 88' lang='lat' dir='ltr'><strong>desunt</strong></span> <span class='ocrx_word' id='word_1_135' title='bbox 1047 2160 1196 2224; x_wconf 83' lang='lat' dir='ltr'><strong>extitisse</strong></span> <span class='ocrx_word' id='word_1_136' title='bbox 1211 2158 1386 2245; x_wconf 85' lang='lat' dir='ltr'><strong>aliquando</strong></span> <span class='ocrx_word' id='word_1_137' title='bbox 1398 2160 1456 2245; x_wconf 94' lang='lat' dir='ltr'><strong>qui</strong></span> <span class='ocrx_word' id='word_1_138' title='bbox 1465 2159 1562 2224; x_wconf 84' lang='lat' dir='ltr'><strong>istam</strong></span> 
     </span>
     <span class='ocr_line' id='line_1_16' title="bbox 419 2259 1563 2349; baseline 0.002 -24"><span class='ocrx_word' id='word_1_139' title='bbox 419 2264 455 2325; x_wconf 91' lang='lat' dir='ltr'><strong>in</strong></span> <span class='ocrx_word' id='word_1_140' title='bbox 468 2262 650 2349; x_wconf 82' lang='lat' dir='ltr'><strong>pangendis</strong></span> <span class='ocrx_word' id='word_1_141' title='bbox 666 2262 777 2327; x_wconf 88' lang='lat' dir='ltr'><strong>verbis</strong></span> <span class='ocrx_word' id='word_1_142' title='bbox 792 2262 1005 2348; x_wconf 80' lang='lat' dir='ltr'><strong>asperitatem</strong></span> <span class='ocrx_word' id='word_1_143' title='bbox 1019 2260 1121 2325; x_wconf 90' lang='lat' dir='ltr'><strong>lenire</strong></span> <span class='ocrx_word' id='word_1_144' title='bbox 1135 2259 1246 2345; x_wconf 90' lang='lat' dir='ltr'><strong>aliqua</strong></span> <span class='ocrx_word' id='word_1_145' title='bbox 1260 2284 1302 2325; x_wconf 87' lang='lat' dir='ltr'><strong>ex</strong></span> <span class='ocrx_word' id='word_1_146' title='bbox 1316 2270 1410 2347; x_wconf 88' lang='lat' dir='ltr'><strong>parte</strong></span> <span class='ocrx_word' id='word_1_147' title='bbox 1424 2270 1563 2347; x_wconf 74' lang='lat' dir='ltr'><strong>tempta</strong></span> 
     </span>
     <span class='ocr_line' id='line_1_17' title="bbox 419 2364 1562 2451; baseline -0.001 -23"><span class='ocrx_word' id='word_1_148' title='bbox 419 2374 503 2428; x_wconf 86' lang='lat' dir='ltr'><strong>rent.</strong></span> <span class='ocrx_word' id='word_1_149' title='bbox 533 2364 681 2451; x_wconf 86' lang='lat' dir='ltr'><strong>Namque</strong></span> <span class='ocrx_word' id='word_1_150' title='bbox 697 2374 772 2450; x_wconf 90' lang='lat' dir='ltr'><strong>post</strong></span> <span class='ocrx_word' id='word_1_151' title='bbox 787 2366 915 2429; x_wconf 91' lang='lat' dir='ltr'><strong>initium</strong></span> <span class='ocrx_word' id='word_1_152' title='bbox 931 2364 997 2429; x_wconf 88' lang='lat' dir='ltr'><strong>tale</strong></span> <span class='ocrx_word' id='word_1_153' title='bbox 1018 2371 1056 2426; x_wconf 76' lang='lat' dir='ltr'><strong>‘sl</strong></span> <span class='ocrx_word' id='word_1_154' title='bbox 1076 2370 1107 2427; x_wconf 87' lang='lat' dir='ltr'><strong>ia</strong></span> <span class='ocrx_word' id='word_1_155' title='bbox 1122 2370 1170 2427; x_wconf 86' lang='lat' dir='ltr'><strong>ivs</strong></span> <span class='ocrx_word' id='word_1_156' title='bbox 1182 2374 1281 2435; x_wconf 85' lang='lat' dir='ltr'><strong>vocal,</strong></span> <span class='ocrx_word' id='word_1_157' title='bbox 1297 2370 1356 2434; x_wconf 69' lang='lat' dir='ltr'><strong>ito.</strong></span> <span class='ocrx_word' id='word_1_158' title='bbox 1376 2370 1410 2426; x_wconf 86' lang='lat' dir='ltr'><strong>ai</strong></span> <span class='ocrx_word' id='word_1_159' title='bbox 1422 2370 1459 2439; x_wconf 86' lang='lat' dir='ltr'><strong>il,</strong></span> <span class='ocrx_word' id='word_1_160' title='bbox 1475 2374 1562 2427; x_wconf 84' lang='lat' dir='ltr'><strong>anle-</strong></span> 
     </span>
     <span class='ocr_line' id='line_1_18' title="bbox 419 2464 1563 2547; baseline -0.001 -18"><span class='ocrx_word' id='word_1_161' title='bbox 419 2473 562 2530; x_wconf 82' lang='lat' dir='ltr'><strong>slamivo:</strong></span> <span class='ocrx_word' id='word_1_162' title='bbox 577 2464 669 2545; x_wconf 77' lang='lat' dir='ltr'><strong>ipitar</strong></span> <span class='ocrx_word' id='word_1_163' title='bbox 683 2486 728 2529; x_wconf 86' lang='lat' dir='ltr'><strong>em</strong></span> <span class='ocrx_word' id='word_1_164' title='bbox 742 2474 850 2547; x_wconf 82' lang='lat' dir='ltr'><strong>capilo.</strong></span> <span class='ocrx_word' id='word_1_165' title='bbox 884 2473 912 2529; x_wconf 90' lang='lat' dir='ltr'><strong>si</strong></span> <span class='ocrx_word' id='word_1_166' title='bbox 924 2472 1053 2529; x_wconf 82' lang='lat' dir='ltr'><strong>calvitur</strong></span> <span class='ocrx_word' id='word_1_167' title='bbox 1070 2471 1212 2545; x_wconf 83' lang='lat' dir='ltr'><strong>pedemve</strong></span> <span class='ocrx_word' id='word_1_168' title='bbox 1224 2471 1324 2537; x_wconf 80' lang='lat' dir='ltr'><strong>struit,</strong></span> <span class='ocrx_word' id='word_1_169' title='bbox 1345 2485 1468 2529; x_wconf 86' lang='lat' dir='ltr'><strong>maaam</strong></span> <span class='ocrx_word' id='word_1_170' title='bbox 1487 2470 1563 2529; x_wconf 84' lang='lat' dir='ltr'><strong>endo</strong></span> 
     </span>
     <span class='ocr_line' id='line_1_19' title="bbox 420 2566 1563 2655; baseline -0.002 -22"><span class='ocrx_word' id='word_1_171' title='bbox 420 2575 537 2650; x_wconf 86' lang='lat' dir='ltr'><strong>iacilo’‚</strong></span> <span class='ocrx_word' id='word_1_172' title='bbox 559 2590 675 2654; x_wconf 83' lang='lat' dir='ltr'><strong>parum</strong></span> <span class='ocrx_word' id='word_1_173' title='bbox 695 2567 866 2655; x_wconf 88' lang='lat' dir='ltr'><strong>probabile</strong></span> <span class='ocrx_word' id='word_1_174' title='bbox 888 2579 938 2633; x_wconf 90' lang='lat' dir='ltr'><strong>est</strong></span> <span class='ocrx_word' id='word_1_175' title='bbox 959 2568 993 2630; x_wconf 93' lang='lat' dir='ltr'><strong>in</strong></span> <span class='ocrx_word' id='word_1_176' title='bbox 1013 2566 1085 2651; x_wconf 88' lang='lat' dir='ltr'><strong>lege</strong></span> <span class='ocrx_word' id='word_1_177' title='bbox 1105 2568 1198 2654; x_wconf 89' lang='lat' dir='ltr'><strong>sequi</strong></span> <span class='ocrx_word' id='word_1_178' title='bbox 1215 2568 1362 2655; x_wconf 89' lang='lat' dir='ltr'><strong>potuisse</strong></span> <span class='ocrx_word' id='word_1_179' title='bbox 1382 2575 1428 2631; x_wconf 73' lang='lat' dir='ltr'><strong>‘si</strong></span> <span class='ocrx_word' id='word_1_180' title='bbox 1446 2572 1563 2631; x_wconf 70' lang='lat' dir='ltr'><strong>mltis</strong></span> 
     </span>
     <span class='ocr_line' id='line_1_20' title="bbox 420 2670 1563 2749; baseline -0.001 -15"><span class='ocrx_word' id='word_1_181' title='bbox 420 2678 567 2736; x_wconf 79' lang='lat' dir='ltr'><strong>aevitasve</strong></span> <span class='ocrx_word' id='word_1_182' title='bbox 581 2677 682 2734; x_wconf 81' lang='lat' dir='ltr'><strong>vitiam</strong></span> <span class='ocrx_word' id='word_1_183' title='bbox 703 2678 789 2744; x_wconf 83' lang='lat' dir='ltr'><strong>escit,</strong></span> <span class='ocrx_word' id='word_1_184' title='bbox 812 2676 875 2749; x_wconf 82' lang='lat' dir='ltr'><strong>qvi</strong></span> <span class='ocrx_word' id='word_1_185' title='bbox 893 2678 928 2734; x_wconf 84' lang='lat' dir='ltr'><strong>ia</strong></span> <span class='ocrx_word' id='word_1_186' title='bbox 950 2677 1007 2734; x_wconf 86' lang='lat' dir='ltr'><strong>ias</strong></span> <span class='ocrx_word' id='word_1_187' title='bbox 1027 2670 1190 2742; x_wconf 78' lang='lat' dir='ltr'><strong>vocabit,</strong></span> <span class='ocrx_word' id='word_1_188' title='bbox 1212 2678 1373 2734; x_wconf 65' lang='lat' dir='ltr'><strong>amentum</strong></span> <span class='ocrx_word' id='word_1_189' title='bbox 1393 2675 1481 2734; x_wconf 79' lang='lat' dir='ltr'><strong>dalo’</strong></span> <span class='ocrx_word' id='word_1_190' title='bbox 1503 2690 1563 2734; x_wconf 89' lang='lat' dir='ltr'><strong>nec</strong></span> 
     </span>
     <span class='ocr_line' id='line_1_21' title="bbox 422 2772 1562 2859; baseline -0.004 -21"><span class='ocrx_word' id='word_1_191' title='bbox 422 2775 527 2859; x_wconf 86' lang='lat' dir='ltr'><strong>magis</strong></span> <span class='ocrx_word' id='word_1_192' title='bbox 550 2773 668 2839; x_wconf 89' lang='lat' dir='ltr'><strong>deinde</strong></span> <span class='ocrx_word' id='word_1_193' title='bbox 684 2772 787 2855; x_wconf 85' lang='lat'><strong>(1113</strong></span> <span class='ocrx_word' id='word_1_194' title='bbox 803 2772 866 2859; x_wconf 86' lang='lat' dir='ltr'><strong>sq.)</strong></span> <span class='ocrx_word' id='word_1_195' title='bbox 890 2779 940 2836; x_wconf 78' lang='lat' dir='ltr'><strong>‘ai</strong></span> <span class='ocrx_word' id='word_1_196' title='bbox 958 2778 1122 2837; x_wconf 82' lang='lat' dir='ltr'><strong>iudicatum</strong></span> <span class='ocrx_word' id='word_1_197' title='bbox 1140 2775 1221 2848; x_wconf 75' lang='lat' dir='ltr'><strong>facil</strong></span> <span class='ocrx_word' id='word_1_198' title='bbox 1236 2820 1244 2835; x_wconf 90' lang='lat'><strong>.</strong></span> <span class='ocrx_word' id='word_1_199' title='bbox 1262 2820 1270 2835; x_wconf 94' lang='lat'><strong>.</strong></span> <span class='ocrx_word' id='word_1_200' title='bbox 1286 2820 1294 2835; x_wconf 90' lang='lat'><strong>.</strong></span> <span class='ocrx_word' id='word_1_201' title='bbox 1312 2820 1320 2834; x_wconf 91' lang='lat'><strong>.</strong></span> <span class='ocrx_word' id='word_1_202' title='bbox 1340 2792 1440 2836; x_wconf 83' lang='lat' dir='ltr'><strong>secam</strong></span> <span class='ocrx_word' id='word_1_203' title='bbox 1456 2777 1562 2836; x_wconf 70' lang='lat' dir='ltr'><strong>dacia</strong></span> 
     </span>
     <span class='ocr_line' id='line_1_22' title="bbox 420 2880 1560 2953; baseline -0.001 -14"><span class='ocrx_word' id='word_1_204' title='bbox 420 2884 526 2941; x_wconf 78' lang='lat' dir='ltr'><strong>vincito</strong></span> <span class='ocrx_word' id='word_1_205' title='bbox 542 2888 594 2941; x_wconf 86' lang='lat' dir='ltr'><strong>vat</strong></span> <span class='ocrx_word' id='word_1_206' title='bbox 607 2896 697 2940; x_wconf 82' lang='lat' dir='ltr'><strong>nervo</strong></span> <span class='ocrx_word' id='word_1_207' title='bbox 712 2888 766 2939; x_wconf 82' lang='lat' dir='ltr'><strong>avt</strong></span> <span class='ocrx_word' id='word_1_208' title='bbox 778 2880 966 2953; x_wconf 83' lang='lat' dir='ltr'><strong>compedibus</strong></span> <span class='ocrx_word' id='word_1_209' title='bbox 982 2923 990 2938; x_wconf 92' lang='lat'><strong>.</strong></span> <span class='ocrx_word' id='word_1_210' title='bbox 1007 2922 1015 2938; x_wconf 90' lang='lat'><strong>.</strong></span> <span class='ocrx_word' id='word_1_211' title='bbox 1033 2924 1040 2939; x_wconf 93' lang='lat'><strong>.</strong></span> <span class='ocrx_word' id='word_1_212' title='bbox 1058 2924 1065 2939; x_wconf 93' lang='lat'><strong>.</strong></span> <span class='ocrx_word' id='word_1_213' title='bbox 1081 2880 1109 2937; x_wconf 82' lang='lat' dir='ltr'><strong>si</strong></span> <span class='ocrx_word' id='word_1_214' title='bbox 1121 2880 1196 2937; x_wconf 79' lang='lat' dir='ltr'><strong>vva</strong></span> <span class='ocrx_word' id='word_1_215' title='bbox 1208 2893 1262 2937; x_wconf 85' lang='lat' dir='ltr'><strong>svo</strong></span> <span class='ocrx_word' id='word_1_216' title='bbox 1275 2880 1372 2937; x_wconf 83' lang='lat' dir='ltr'><strong>vivilo.</strong></span> <span class='ocrx_word' id='word_1_217' title='bbox 1402 2881 1438 2937; x_wconf 84' lang='lat' dir='ltr'><strong>ai</strong></span> <span class='ocrx_word' id='word_1_218' title='bbox 1449 2895 1504 2938; x_wconf 84' lang='lat' dir='ltr'><strong>sao</strong></span> <span class='ocrx_word' id='word_1_219' title='bbox 1518 2880 1560 2937; x_wconf 86' lang='lat' dir='ltr'><strong>vi-</strong></span> 
     </span>
     <span class='ocr_line' id='line_1_23' title="bbox 420 2980 1561 3057; baseline -0.004 -14"><span class='ocrx_word' id='word_1_220' title='bbox 420 2987 473 3052; x_wconf 84' lang='lat' dir='ltr'><strong>vv&#39;l,</strong></span> <span class='ocrx_word' id='word_1_221' title='bbox 497 2985 561 3057; x_wconf 83' lang='lat' dir='ltr'><strong>qvi</strong></span> <span class='ocrx_word' id='word_1_222' title='bbox 578 3000 655 3042; x_wconf 85' lang='lat' dir='ltr'><strong>evm</strong></span> <span class='ocrx_word' id='word_1_223' title='bbox 684 2984 844 3041; x_wconf 81' lang='lat' dir='ltr'><strong>vinetum</strong></span> <span class='ocrx_word' id='word_1_224' title='bbox 865 2981 1028 3054; x_wconf 79' lang='lat' dir='ltr'><strong>babebit,</strong></span> <span class='ocrx_word' id='word_1_225' title='bbox 1050 2981 1144 3041; x_wconf 80' lang='lat' dir='ltr'><strong>libras</strong></span> <span class='ocrx_word' id='word_1_226' title='bbox 1162 2980 1265 3053; x_wconf 85' lang='lat' dir='ltr'><strong>farris</strong></span> <span class='ocrx_word' id='word_1_227' title='bbox 1288 2981 1366 3040; x_wconf 84' lang='lat' dir='ltr'><strong>endo</strong></span> <span class='ocrx_word' id='word_1_228' title='bbox 1391 2981 1455 3040; x_wconf 84' lang='lat' dir='ltr'><strong>dies</strong></span> <span class='ocrx_word' id='word_1_229' title='bbox 1480 2981 1561 3040; x_wconf 81' lang='lat' dir='ltr'><strong>dato&#39;</strong></span> 
     </span>
     <span class='ocr_line' id='line_1_24' title="bbox 421 3078 1562 3165; baseline -0.004 -20"><span class='ocrx_word' id='word_1_230' title='bbox 421 3079 521 3164; x_wconf 86' lang='lat' dir='ltr'><strong>(Gell.</strong></span> <span class='ocrx_word' id='word_1_231' title='bbox 536 3080 607 3144; x_wconf 88' lang='lat' dir='ltr'><strong>XX</strong></span> <span class='ocrx_word' id='word_1_232' title='bbox 623 3084 652 3161; x_wconf 89' lang='lat'><strong>1,</strong></span> <span class='ocrx_word' id='word_1_233' title='bbox 668 3078 720 3144; x_wconf 80' lang='lat'><strong>25.</strong></span> <span class='ocrx_word' id='word_1_234' title='bbox 736 3079 792 3164; x_wconf 81' lang='lat'><strong>45)</strong></span> <span class='ocrx_word' id='word_1_235' title='bbox 811 3116 846 3125; x_wconf 90' lang='lat'>—</span> <span class='ocrx_word' id='word_1_236' title='bbox 864 3079 922 3143; x_wconf 93' lang='lat' dir='ltr'><strong>ubi</strong></span> <span class='ocrx_word' id='word_1_237' title='bbox 938 3083 1028 3143; x_wconf 82' lang='lat' dir='ltr'><strong>‘eum&#39;</strong></span> <span class='ocrx_word' id='word_1_238' title='bbox 1044 3100 1172 3165; x_wconf 91' lang='lat' dir='ltr'><strong>quoque</strong></span> <span class='ocrx_word' id='word_1_239' title='bbox 1186 3078 1294 3142; x_wconf 88' lang='lat' dir='ltr'><strong>forma</strong></span> <span class='ocrx_word' id='word_1_240' title='bbox 1308 3078 1438 3143; x_wconf 85' lang='lat' dir='ltr'><strong>novicia</strong></span> <span class='ocrx_word' id='word_1_241' title='bbox 1459 3078 1562 3165; x_wconf 90' lang='lat' dir='ltr'><strong>suspi-</strong></span> 
     </span>
     <span class='ocr_line' id='line_1_25' title="bbox 421 3179 1562 3267; baseline -0.004 -18"><span class='ocrx_word' id='word_1_242' title='bbox 421 3184 544 3249; x_wconf 90' lang='lat' dir='ltr'><strong>tionem</strong></span> <span class='ocrx_word' id='word_1_243' title='bbox 564 3192 676 3247; x_wconf 89' lang='lat' dir='ltr'><strong>movet</strong></span> <span class='ocrx_word' id='word_1_244' title='bbox 699 3204 753 3244; x_wconf 90' lang='lat'><strong>-:</strong></span> <span class='ocrx_word' id='word_1_245' title='bbox 777 3203 891 3245; x_wconf 89' lang='lat' dir='ltr'><strong>verum</strong></span> <span class='ocrx_word' id='word_1_246' title='bbox 911 3180 995 3245; x_wconf 90' lang='lat' dir='ltr'><strong>tales</strong></span> <span class='ocrx_word' id='word_1_247' title='bbox 1016 3179 1253 3265; x_wconf 88' lang='lat' dir='ltr'><strong>explicationes</strong></span> <span class='ocrx_word' id='word_1_248' title='bbox 1277 3190 1393 3267; x_wconf 91' lang='lat' dir='ltr'><strong>postea</strong></span> <span class='ocrx_word' id='word_1_249' title='bbox 1414 3180 1562 3245; x_wconf 85' lang='lat' dir='ltr'><strong>adiectae</strong></span> 
     </span>
     <span class='ocr_line' id='line_1_26' title="bbox 422 3278 1563 3370; baseline -0.004 -21"><span class='ocrx_word' id='word_1_250' title='bbox 422 3278 499 3349; x_wconf 84' lang='lat' dir='ltr'><strong>suut</strong></span> <span class='ocrx_word' id='word_1_251' title='bbox 513 3282 632 3370; x_wconf 92' lang='lat' dir='ltr'><strong>quibus</strong></span> <span class='ocrx_word' id='word_1_252' title='bbox 653 3282 882 3368; x_wconf 89' lang='lat' dir='ltr'><strong>perspicuitati</strong></span> <span class='ocrx_word' id='word_1_253' title='bbox 904 3283 1140 3349; x_wconf 86' lang='lat' dir='ltr'><strong>consuleretur.</strong></span> <span class='ocrx_word' id='word_1_254' title='bbox 1170 3282 1245 3347; x_wconf 90' lang='lat' dir='ltr'><strong>Non</strong></span> <span class='ocrx_word' id='word_1_255' title='bbox 1265 3281 1356 3346; x_wconf 86' lang='lat' dir='ltr'><strong>aliud</strong></span> <span class='ocrx_word' id='word_1_256' title='bbox 1375 3282 1441 3347; x_wconf 86' lang='lat' dir='ltr'><strong>fuit</strong></span> <span class='ocrx_word' id='word_1_257' title='bbox 1460 3284 1563 3349; x_wconf 89' lang='lat' dir='ltr'><strong>consi·</strong></span> 
     </span>
     <span class='ocr_line' id='line_1_27' title="bbox 420 3383 1564 3469; baseline -0.003 -20"><span class='ocrx_word' id='word_1_258' title='bbox 420 3386 502 3450; x_wconf 92' lang='lat' dir='ltr'><strong>lium</strong></span> <span class='ocrx_word' id='word_1_259' title='bbox 522 3385 664 3449; x_wconf 89' lang='lat' dir='ltr'><strong>auctoris</strong></span> <span class='ocrx_word' id='word_1_260' title='bbox 686 3383 730 3447; x_wconf 91' lang='lat' dir='ltr'><strong>ad</strong></span> <span class='ocrx_word' id='word_1_261' title='bbox 750 3384 894 3448; x_wconf 90' lang='lat' dir='ltr'><strong>Herenn.</strong></span> <span class='ocrx_word' id='word_1_262' title='bbox 910 3386 927 3449; x_wconf 92' lang='grc' dir='ltr'>Ι</span> <span class='ocrx_word' id='word_1_263' title='bbox 946 3386 999 3467; x_wconf 84' lang='grc'>13,</span> <span class='ocrx_word' id='word_1_264' title='bbox 1015 3386 1057 3449; x_wconf 89' lang='grc'>23</span> <span class='ocrx_word' id='word_1_265' title='bbox 1079 3385 1125 3469; x_wconf 83' lang='lat' dir='ltr'><strong>(V</strong></span> <span class='ocrx_word' id='word_1_266' title='bbox 1139 3386 1177 3467; x_wconf 90' lang='grc'>3,</span> <span class='ocrx_word' id='word_1_267' title='bbox 1193 3386 1228 3469; x_wconf 90' lang='grc'><strong>4)</strong></span> <span class='ocrx_word' id='word_1_268' title='bbox 1251 3388 1564 3462; x_wconf 73' lang='lat' dir='ltr'><strong>‘Paterfamilias</strong></span> 
     </span>
     <span class='ocr_line' id='line_1_28' title="bbox 421 3486 1562 3573; baseline 0.003 -23"><span class='ocrx_word' id='word_1_269' title='bbox 421 3494 465 3551; x_wconf 84' lang='lat' dir='ltr'><strong>ati</strong></span> <span class='ocrx_word' id='word_1_270' title='bbox 477 3490 635 3565; x_wconf 72' lang='lat' dir='ltr'><strong>leeavevit’</strong></span> <span class='ocrx_word' id='word_1_271' title='bbox 652 3495 685 3549; x_wconf 92' lang='lat' dir='ltr'><strong>et</strong></span> <span class='ocrx_word' id='word_1_272' title='bbox 701 3492 746 3549; x_wconf 71' lang='lat' dir='ltr'><strong>‘si</strong></span> <span class='ocrx_word' id='word_1_273' title='bbox 756 3507 778 3564; x_wconf 88' lang='lat' dir='ltr'><strong>p</strong></span> <span class='ocrx_word' id='word_1_274' title='bbox 787 3490 950 3563; x_wconf 86' lang='lat' dir='ltr'><strong>alerfam</strong></span> <span class='ocrx_word' id='word_1_275' title='bbox 959 3494 1047 3551; x_wconf 86' lang='lat' dir='ltr'><strong>ilias</strong></span> <span class='ocrx_word' id='word_1_276' title='bbox 1061 3494 1198 3550; x_wconf 84' lang='lat' dir='ltr'><strong>ialeslvlo</strong></span> <span class='ocrx_word' id='word_1_277' title='bbox 1211 3493 1354 3552; x_wconf 86' lang='lat' dir='ltr'><strong>moritvr’</strong></span> <span class='ocrx_word' id='word_1_278' title='bbox 1371 3488 1413 3553; x_wconf 93' lang='lat' dir='ltr'><strong>de</strong></span> <span class='ocrx_word' id='word_1_279' title='bbox 1427 3486 1502 3573; x_wconf 86' lang='lat' dir='ltr'><strong>lege</strong></span> <span class='ocrx_word' id='word_1_280' title='bbox 1515 3510 1562 3553; x_wconf 89' lang='lat' dir='ltr'><strong>re-</strong></span> 
     </span>
     <span class='ocr_line' id='line_1_29' title="bbox 421 3585 1562 3675; baseline 0.001 -23"><span class='ocrx_word' id='word_1_281' title='bbox 421 3588 557 3653; x_wconf 86' lang='lat' dir='ltr'><strong>ferentis</strong></span> <span class='ocrx_word' id='word_1_282' title='bbox 575 3585 634 3672; x_wconf 75' lang='lat' dir='ltr'><strong>(id.</strong></span> <span class='ocrx_word' id='word_1_283' title='bbox 650 3586 766 3652; x_wconf 79' lang='lat' dir='ltr'><strong>Cicero</strong></span> <span class='ocrx_word' id='word_1_284' title='bbox 789 3586 829 3651; x_wconf 93' lang='lat' dir='ltr'><strong>de</strong></span> <span class='ocrx_word' id='word_1_285' title='bbox 850 3589 917 3653; x_wconf 90' lang='lat' dir='ltr'><strong>inv.</strong></span> <span class='ocrx_word' id='word_1_286' title='bbox 934 3588 1036 3671; x_wconf 80' lang='lat'>1150,</span> <span class='ocrx_word' id='word_1_287' title='bbox 1057 3589 1148 3671; x_wconf 86' lang='grc'>148);</span> <span class='ocrx_word' id='word_1_288' title='bbox 1171 3612 1237 3675; x_wconf 88' lang='lat' dir='ltr'><strong>qua</strong></span> <span class='ocrx_word' id='word_1_289' title='bbox 1257 3590 1298 3654; x_wconf 91' lang='lat' dir='ltr'><strong>de</strong></span> <span class='ocrx_word' id='word_1_290' title='bbox 1317 3612 1354 3653; x_wconf 88' lang='lat' dir='ltr'><strong>re</strong></span> <span class='ocrx_word' id='word_1_291' title='bbox 1373 3612 1461 3655; x_wconf 92' lang='lat' dir='ltr'><strong>nunc</strong></span> <span class='ocrx_word' id='word_1_292' title='bbox 1483 3590 1562 3655; x_wconf 89' lang='lat' dir='ltr'><strong>satis</strong></span> 
     </span>
     <span class='ocr_line' id='line_1_30' title="bbox 421 3688 1562 3777; baseline 0.001 -23"><span class='ocrx_word' id='word_1_293' title='bbox 421 3699 550 3755; x_wconf 88' lang='lat' dir='ltr'><strong>constat</strong></span> <span class='ocrx_word' id='word_1_294' title='bbox 569 3698 644 3775; x_wconf 87' lang='lat' dir='ltr'><strong>post</strong></span> <span class='ocrx_word' id='word_1_295' title='bbox 665 3688 794 3753; x_wconf 89' lang='lat' dir='ltr'><strong>doctam</strong></span> <span class='ocrx_word' id='word_1_296' title='bbox 816 3690 911 3755; x_wconf 84' lang='lat' dir='ltr'><strong>Erbii</strong></span> <span class='ocrx_word' id='word_1_297' title='bbox 933 3690 1189 3777; x_wconf 88' lang='lat' dir='ltr'><strong>disputationem</strong></span> <span class='ocrx_word' id='word_1_298' title='bbox 1213 3690 1261 3776; x_wconf 72' lang='lat' dir='ltr'><strong>(in</strong></span> <span class='ocrx_word' id='word_1_299' title='bbox 1281 3690 1434 3775; x_wconf 84' lang='lat' dir='ltr'><strong>Hugonis</strong></span> <span class='ocrx_word' id='word_1_300' title='bbox 1452 3692 1562 3756; x_wconf 88' lang='lat' dir='ltr'><strong>Prom-</strong></span> 
     </span>
     <span class='ocr_line' id='line_1_31' title="bbox 420 3790 1563 3879; baseline 0.001 -22"><span class='ocrx_word' id='word_1_301' title='bbox 420 3802 528 3879; x_wconf 88' lang='lat' dir='ltr'><strong>ptuar.</strong></span> <span class='ocrx_word' id='word_1_302' title='bbox 544 3790 606 3854; x_wconf 89' lang='lat' dir='ltr'><strong>iur.</strong></span> <span class='ocrx_word' id='word_1_303' title='bbox 622 3790 686 3856; x_wconf 85' lang='lat' dir='ltr'><strong>civ.</strong></span> <span class='ocrx_word' id='word_1_304' title='bbox 702 3791 752 3856; x_wconf 91' lang='lat' dir='ltr'><strong>IV</strong></span> <span class='ocrx_word' id='word_1_305' title='bbox 766 3815 798 3878; x_wconf 91' lang='lat' dir='ltr'><strong>p.</strong></span> <span class='ocrx_word' id='word_1_306' title='bbox 813 3792 877 3856; x_wconf 88' lang='grc'><strong>462</strong></span> <span class='ocrx_word' id='word_1_307' title='bbox 892 3795 990 3879; x_wconf 84' lang='lat' dir='ltr'><strong>sqq).</strong></span> <span class='ocrx_word' id='word_1_308' title='bbox 1016 3794 1125 3877; x_wconf 89' lang='lat' dir='ltr'><strong>Atque</strong></span> <span class='ocrx_word' id='word_1_309' title='bbox 1140 3791 1246 3857; x_wconf 87' lang='lat' dir='ltr'><strong>simile</strong></span> <span class='ocrx_word' id='word_1_310' title='bbox 1260 3791 1340 3878; x_wconf 92' lang='lat' dir='ltr'><strong>quid</strong></span> <span class='ocrx_word' id='word_1_311' title='bbox 1353 3794 1563 3858; x_wconf 90' lang='lat' dir='ltr'><strong>commissum</strong></span> 
     </span>
     <span class='ocr_line' id='line_1_32' title="bbox 422 3892 1562 3981; baseline 0.002 -23"><span class='ocrx_word' id='word_1_312' title='bbox 422 3894 527 3958; x_wconf 91' lang='lat' dir='ltr'><strong>estin</strong></span> <span class='ocrx_word' id='word_1_313' title='bbox 547 3903 723 3980; x_wconf 87' lang='lat' dir='ltr'><strong>praecepto</strong></span> <span class='ocrx_word' id='word_1_314' title='bbox 743 3892 897 3959; x_wconf 86' lang='lat' dir='ltr'><strong>lacunose</strong></span> <span class='ocrx_word' id='word_1_315' title='bbox 918 3894 1008 3981; x_wconf 86' lang='lat' dir='ltr'><strong>apud</strong></span> <span class='ocrx_word' id='word_1_316' title='bbox 1022 3894 1157 3957; x_wconf 84' lang='lat' dir='ltr'><strong>Festum</strong></span> <span class='ocrx_word' id='word_1_317' title='bbox 1177 3894 1278 3959; x_wconf 88' lang='lat' dir='ltr'><strong>citato</strong></span> <span class='ocrx_word' id='word_1_318' title='bbox 1298 3918 1332 3981; x_wconf 91' lang='lat' dir='ltr'><strong>p.</strong></span> <span class='ocrx_word' id='word_1_319' title='bbox 1347 3895 1411 3960; x_wconf 79' lang='lat'><strong>376</strong></span> <span class='ocrx_word' id='word_1_320' title='bbox 1429 3896 1517 3979; x_wconf 79' lang='lat' dir='ltr'><strong>(XII</strong></span> <span class='ocrx_word' id='word_1_321' title='bbox 1530 3896 1562 3978; x_wconf 91' lang='grc'><strong>4)</strong></span> 
     </span>
    </p>
   </div>
   <div class='ocr_carea' id='block_1_3' title="bbox 422 3999 1685 4094">
    <p class='ocr_par' dir='ltr' id='par_1_4' title="bbox 422 3999 1685 4094">
     <span class='ocr_line' id='line_1_33' title="bbox 422 3999 1685 4094; baseline 0.002 -35"><span class='ocrx_word' id='word_1_322' title='bbox 422 4001 460 4059; x_wconf 75' lang='lat' dir='ltr'><strong>‘si</strong></span> <span class='ocrx_word' id='word_1_323' title='bbox 473 4001 635 4059; x_wconf 84' lang='lat' dir='ltr'><strong>vindiciam</strong></span> <span class='ocrx_word' id='word_1_324' title='bbox 653 3999 768 4071; x_wconf 81' lang='lat' dir='ltr'><strong>salsam</strong></span> <span class='ocrx_word' id='word_1_325' title='bbox 791 4002 857 4059; x_wconf 83' lang='lat' dir='ltr'><strong>tulit</strong></span> <span class='ocrx_word' id='word_1_326' title='bbox 869 4003 931 4059; x_wconf 83' lang='lat' dir='ltr'><strong>sive</strong></span> <span class='ocrx_word' id='word_1_327' title='bbox 944 4003 1005 4059; x_wconf 82' lang='lat' dir='ltr'><strong>litis</strong></span> <span class='ocrx_word' id='word_1_328' title='bbox 1022 4046 1028 4058; x_wconf 95' lang='lat'><strong>.</strong></span> <span class='ocrx_word' id='word_1_329' title='bbox 1047 4044 1054 4058; x_wconf 92' lang='lat'><strong>.</strong></span> <span class='ocrx_word' id='word_1_330' title='bbox 1072 4045 1080 4060; x_wconf 90' lang='lat'><strong>.</strong></span> <span class='ocrx_word' id='word_1_331' title='bbox 1097 4044 1104 4059; x_wconf 91' lang='lat'><strong>.</strong></span> <span class='ocrx_word' id='word_1_332' title='bbox 1121 4007 1169 4058; x_wconf 84' lang='lat' dir='ltr'><strong>tor</strong></span> <span class='ocrx_word' id='word_1_333' title='bbox 1188 4000 1316 4059; x_wconf 76' lang='lat' dir='ltr'><strong>arbitros</strong></span> <span class='ocrx_word' id='word_1_334' title='bbox 1336 4002 1491 4071; x_wconf 69' lang='lat' dir='ltr'><strong>trisitate,</strong></span> <span class='ocrx_word' id='word_1_335' title='bbox 1512 4019 1563 4062; x_wconf 90' lang='lat' dir='ltr'><strong>eo-</strong></span> <span class='ocrx_word' id='word_1_336' title='bbox 1684 4043 1685 4094; x_wconf 83' lang='lat' dir='ltr'><strong>l</strong></span> 
     </span>
    </p>
   </div>
   <div class='ocr_carea' id='block_1_4' title="bbox 421 4098 1564 4488">
    <p class='ocr_par' dir='ltr' id='par_1_5' title="bbox 421 4098 1564 4488">
     <span class='ocr_line' id='line_1_34' title="bbox 421 4098 1564 4177; baseline 0.002 -16"><span class='ocrx_word' id='word_1_337' title='bbox 421 4120 488 4161; x_wconf 81' lang='lat' dir='ltr'><strong>ram</strong></span> <span class='ocrx_word' id='word_1_338' title='bbox 503 4102 628 4161; x_wconf 80' lang='lat' dir='ltr'><strong>arbitrio</strong></span> <span class='ocrx_word' id='word_1_339' title='bbox 645 4145 652 4161; x_wconf 94' lang='lat'><strong>.</strong></span> <span class='ocrx_word' id='word_1_340' title='bbox 670 4100 813 4173; x_wconf 78' lang='lat' dir='ltr'><strong>‚fractas</strong></span> <span class='ocrx_word' id='word_1_341' title='bbox 833 4102 975 4177; x_wconf 83' lang='lat' dir='ltr'><strong>duplione</strong></span> <span class='ocrx_word' id='word_1_342' title='bbox 995 4103 1137 4160; x_wconf 83' lang='lat' dir='ltr'><strong>damnvm</strong></span> <span class='ocrx_word' id='word_1_343' title='bbox 1158 4102 1313 4170; x_wconf 81' lang='lat' dir='ltr'><strong>decidiio’,</strong></span> <span class='ocrx_word' id='word_1_344' title='bbox 1333 4098 1392 4162; x_wconf 91' lang='lat' dir='ltr'><strong>ubi</strong></span> <span class='ocrx_word' id='word_1_345' title='bbox 1409 4099 1474 4163; x_wconf 89' lang='lat' dir='ltr'><strong>etsi</strong></span> <span class='ocrx_word' id='word_1_346' title='bbox 1494 4101 1564 4163; x_wconf 90' lang='lat' dir='ltr'><strong>iure</strong></span> 
     </span>
     <span class='ocr_line' id='line_1_35' title="bbox 422 4198 1562 4286; baseline 0.002 -23"><span class='ocrx_word' id='word_1_347' title='bbox 422 4198 567 4285; x_wconf 81' lang='lat' dir='ltr'><strong>suppleri</strong></span> <span class='ocrx_word' id='word_1_348' title='bbox 587 4198 721 4263; x_wconf 89' lang='lat' dir='ltr'><strong>videtur</strong></span> <span class='ocrx_word' id='word_1_349' title='bbox 736 4204 903 4279; x_wconf 81' lang='lat' dir='ltr'><strong>‘praetor&#39;,</strong></span> <span class='ocrx_word' id='word_1_350' title='bbox 928 4198 1018 4262; x_wconf 91' lang='lat' dir='ltr'><strong>idem</strong></span> <span class='ocrx_word' id='word_1_351' title='bbox 1039 4208 1148 4263; x_wconf 85' lang='lat' dir='ltr'><strong>tamen</strong></span> <span class='ocrx_word' id='word_1_352' title='bbox 1175 4199 1299 4285; x_wconf 83' lang='lat' dir='ltr'><strong>puriter</strong></span> <span class='ocrx_word' id='word_1_353' title='bbox 1324 4199 1367 4263; x_wconf 84' lang='lat' dir='ltr'><strong>ab</strong></span> <span class='ocrx_word' id='word_1_354' title='bbox 1392 4200 1468 4285; x_wconf 87' lang='lat' dir='ltr'><strong>ipsa</strong></span> <span class='ocrx_word' id='word_1_355' title='bbox 1491 4200 1562 4286; x_wconf 83' lang='lat' dir='ltr'><strong>lege</strong></span> 
     </span>
     <span class='ocr_line' id='line_1_36' title="bbox 421 4299 1563 4387; baseline 0.004 -25"><span class='ocrx_word' id='word_1_356' title='bbox 421 4300 564 4365; x_wconf 88' lang='lat' dir='ltr'><strong>alienum</strong></span> <span class='ocrx_word' id='word_1_357' title='bbox 578 4300 643 4365; x_wconf 88' lang='lat' dir='ltr'><strong>fuit</strong></span> <span class='ocrx_word' id='word_1_358' title='bbox 658 4311 756 4387; x_wconf 87' lang='lat' dir='ltr'><strong>atque</strong></span> <span class='ocrx_word' id='word_1_359' title='bbox 772 4300 858 4387; x_wconf 91' lang='lat' dir='ltr'><strong>quod</strong></span> <span class='ocrx_word' id='word_1_360' title='bbox 871 4299 907 4363; x_wconf 93' lang='lat' dir='ltr'><strong>in</strong></span> <span class='ocrx_word' id='word_1_361' title='bbox 922 4299 1026 4363; x_wconf 86' lang='lat' dir='ltr'><strong>altera</strong></span> <span class='ocrx_word' id='word_1_362' title='bbox 1040 4300 1209 4365; x_wconf 89' lang='lat' dir='ltr'><strong>lacuna-</strong></span> <span class='ocrx_word' id='word_1_363' title='bbox 1222 4300 1313 4364; x_wconf 89' lang='lat' dir='ltr'><strong>cuius</strong></span> <span class='ocrx_word' id='word_1_364' title='bbox 1327 4311 1438 4365; x_wconf 87' lang='lat' dir='ltr'><strong>tamen</strong></span> <span class='ocrx_word' id='word_1_365' title='bbox 1448 4312 1563 4368; x_wconf 89' lang='lat' dir='ltr'><strong>notan-</strong></span> 
     </span>
     <span class='ocr_line' id='line_1_37' title="bbox 423 4401 1563 4488; baseline 0.002 -23"><span class='ocrx_word' id='word_1_366' title='bbox 423 4402 501 4465; x_wconf 92' lang='lat' dir='ltr'><strong>dum</strong></span> <span class='ocrx_word' id='word_1_367' title='bbox 516 4410 566 4465; x_wconf 88' lang='lat' dir='ltr'><strong>est</strong></span> <span class='ocrx_word' id='word_1_368' title='bbox 580 4401 705 4465; x_wconf 86' lang='lat' dir='ltr'><strong>nullum</strong></span> <span class='ocrx_word' id='word_1_369' title='bbox 728 4402 904 4487; x_wconf 87' lang='lat' dir='ltr'><strong>vestigium</strong></span> <span class='ocrx_word' id='word_1_370' title='bbox 924 4423 996 4465; x_wconf 88' lang='lat' dir='ltr'><strong>esse</strong></span> <span class='ocrx_word' id='word_1_371' title='bbox 1017 4402 1051 4464; x_wconf 90' lang='lat' dir='ltr'><strong>in</strong></span> <span class='ocrx_word' id='word_1_372' title='bbox 1065 4402 1227 4467; x_wconf 88' lang='lat' dir='ltr'><strong>Vaticano</strong></span> <span class='ocrx_word' id='word_1_373' title='bbox 1245 4401 1327 4465; x_wconf 84' lang='lat'>1549</span> <span class='ocrx_word' id='word_1_374' title='bbox 1347 4411 1380 4465; x_wconf 92' lang='lat' dir='ltr'><strong>et</strong></span> <span class='ocrx_word' id='word_1_375' title='bbox 1400 4403 1434 4465; x_wconf 92' lang='lat' dir='ltr'><strong>in</strong></span> <span class='ocrx_word' id='word_1_376' title='bbox 1450 4404 1563 4488; x_wconf 89' lang='lat' dir='ltr'><strong>Augu·</strong></span> 
     </span>
    </p>
   </div>
   <div class='ocr_carea' id='block_1_5' title="bbox 424 4640 1561 4798">
    <p class='ocr_par' dir='ltr' id='par_1_6' title="bbox 424 4640 1561 4798">
     <span class='ocr_line' id='line_1_38' title="bbox 490 4640 1561 4714; baseline 0.003 -22"><span class='ocrx_word' id='word_1_377' title='bbox 490 4642 511 4709; x_wconf 88' lang='lat'><strong>¹)</strong></span> <span class='ocrx_word' id='word_1_378' title='bbox 535 4642 572 4692; x_wconf 86' lang='lat' dir='ltr'><strong>ef.</strong></span> <span class='ocrx_word' id='word_1_379' title='bbox 596 4640 782 4707; x_wconf 83' lang='lat' dir='ltr'><strong>Gocttlingius</strong></span> <span class='ocrx_word' id='word_1_380' title='bbox 805 4643 823 4695; x_wconf 91' lang='lat' dir='ltr'><strong>l.</strong></span> <span class='ocrx_word' id='word_1_381' title='bbox 845 4643 864 4695; x_wconf 84' lang='lat' dir='ltr'><strong>l.</strong></span> <span class='ocrx_word' id='word_1_382' title='bbox 888 4660 914 4707; x_wconf 88' lang='lat' dir='ltr'><strong>p.</strong></span> <span class='ocrx_word' id='word_1_383' title='bbox 939 4643 998 4692; x_wconf 81' lang='grc'>324.</span> <span class='ocrx_word' id='word_1_384' title='bbox 1032 4642 1194 4697; x_wconf 84' lang='lat' dir='ltr'><strong>Huschkius</strong></span> <span class='ocrx_word' id='word_1_385' title='bbox 1220 4644 1263 4695; x_wconf 88' lang='lat' dir='ltr'><strong>De</strong></span> <span class='ocrx_word' id='word_1_386' title='bbox 1289 4643 1349 4695; x_wconf 84' lang='lat' dir='ltr'><strong>iure</strong></span> <span class='ocrx_word' id='word_1_387' title='bbox 1376 4644 1441 4694; x_wconf 86' lang='lat' dir='ltr'><strong>nexi</strong></span> <span class='ocrx_word' id='word_1_388' title='bbox 1469 4660 1496 4714; x_wconf 89' lang='lat' dir='ltr'><strong>p.</strong></span> <span class='ocrx_word' id='word_1_389' title='bbox 1521 4647 1561 4695; x_wconf 83' lang='lat'><strong>90.</strong></span> 
     </span>
     <span class='ocr_line' id='line_1_39' title="bbox 424 4726 983 4798; baseline 0 -21"><span class='ocrx_word' id='word_1_390' title='bbox 424 4726 614 4795; x_wconf 81' lang='lat' dir='ltr'><strong>Schweglerus</strong></span> <span class='ocrx_word' id='word_1_391' title='bbox 633 4728 668 4779; x_wconf 86' lang='lat' dir='ltr'><strong>H.</strong></span> <span class='ocrx_word' id='word_1_392' title='bbox 686 4728 719 4777; x_wconf 88' lang='lat' dir='ltr'><strong>R.</strong></span> <span class='ocrx_word' id='word_1_393' title='bbox 738 4728 780 4780; x_wconf 86' lang='lat'><strong>111</strong></span> <span class='ocrx_word' id='word_1_394' title='bbox 798 4744 824 4797; x_wconf 87' lang='lat' dir='ltr'><strong>p.</strong></span> <span class='ocrx_word' id='word_1_395' title='bbox 844 4731 877 4779; x_wconf 83' lang='lat'><strong>38</strong></span> <span class='ocrx_word' id='word_1_396' title='bbox 896 4744 936 4798; x_wconf 87' lang='lat' dir='ltr'><strong>sq.</strong></span> <span class='ocrx_word' id='word_1_397' title='bbox 954 4743 983 4781; x_wconf 83' lang='lat'><strong>11.</strong></span> 
     </span>
    </p>
   </div>
   <div class='ocr_carea' id='block_1_6' title="bbox 0 0 1867 5634">
    <p class='ocr_par' dir='ltr' id='par_1_7' title="bbox 0 0 1867 5634">
     <span class='ocr_line' id='line_1_40' title="bbox 0 0 1867 5634; baseline 0 0"><span class='ocrx_word' id='word_1_398' title='bbox 0 0 1867 5634; x_wconf 95' lang='lat' dir='ltr'><strong> </strong></span> 
     </span>
    </p>
   </div>
  </div>
 </body>
</html>
