3709 5634
385 661 462 726 -48
575 656 579 661 ’
682 735 686 740 Α
842 676 955 724 cnrvr
978 675 1142 724 rsarrvu.

420 830 590 916 antiquam
605 828 708 913 legem
723 830 826 894 fuisse
840 838 988 916 praestat
1009 851 1051 895 ex
1065 827 1239 894 Niebuhrii
1260 828 1422 894 sententia
1441 829 1565 914 fingere

420 954 518 1020 quam
533 954 575 996 ex
589 930 755 996 Huschkii
770 930 810 996 de
825 931 895 996 iure
911 926 988 996 nexi
1003 955 1036 1018 p.
1054 931 1116 996 120
1130 952 1179 1016 sq.
1201 929 1236 994 id
1252 929 1358 995 solum
1379 929 1483 995 luisse
1501 929 1564 995 dis-

422 1033 567 1098 criminis
583 1033 670 1120 quod
686 1031 728 1097 ad
742 1033 907 1119 privatam
921 1032 1012 1098 illam
1033 1055 1189 1122 poenam,
1212 1053 1312 1118 quam
1332 1032 1466 1118 quidem
1488 1033 1565 1098 effu-

420 1158 498 1222 gere
523 1157 757 1223 saepenumero
784 1136 914 1222 patricii
935 1137 1067 1223 impune
1091 1137 1275 1223 potuerint,
1304 1157 1347 1200 ex
1372 1133 1565 1222 plebeiscito
1585 1137 1594 1146 “

422 1236 527 1304 multa
542 1236 694 1304 aedilicia
708 1235 896 1303 accesserit.

505 1340 705 1405 Ammiani
720 1350 830 1406 autem
845 1339 952 1405 locum
968 1339 1145 1404 admodum
1159 1341 1260 1404 miror
1281 1362 1302 1405 a
1314 1341 1444 1405 nemine
1459 1339 1567 1405 adhuc

421 1463 534 1508 corum
546 1443 602 1528 qui
616 1442 667 1506 his
683 1441 830 1530 reliquiis
846 1440 1039 1527 colligendis
1055 1463 1188 1528 operam
1199 1443 1369 1526 dederunt,
1383 1444 1487 1510 verbo
1503 1465 1567 1507 me-

421 1545 723 1626 moratum,nedum
734 1539 924 1630 diligentius
936 1545 972 1608 in
983 1544 1158 1609 discrimen
1165 1555 1316 1612 vocatum
1325 1568 1406 1610 esse.
1418 1545 1473 1610 Ita
1482 1545 1568 1610 enim

422 1646 478 1711 ille
493 1645 534 1711 de
547 1644 668 1724 Iuliam
683 1647 835 1713 Caesaris
852 1646 1032 1712 virtutibus
1056 1669 1148 1712 orsus
1166 1647 1251 1713 XVI
1266 1647 1287 1712 5
1307 1652 1456 1712 ‘Primum
1477 1653 1569 1726 ipitur

418 1753 564 1828 factuque
579 1751 705 1825 diffinite
726 1756 954 1829 temperantiam
974 1755 1037 1828 ipse
1050 1753 1107 1813 sibi
1120 1755 1332 1828 indiaitatque
1346 1756 1470 1814 retinuit
1489 1762 1568 1813 tam-

320 1877 342 1888 ·
421 1871 511 1928 quam
527 1855 689 1916 adstrictus
709 1857 959 1931 sumptuariis
977 1855 1123 1930 tepidus
1137 1858 1248 1916 uiueret
1267 1873 1342 1931 quas
1362 1873 1403 1916 ex
1422 1857 1569 1916 rhetris

420 1957 586 2033 Lycurgi
598 1963 628 2016 et
642 1952 746 2037 (idest
760 1951 838 2019 libri
853 1952 1020 2034 meliores,
1036 1959 1103 2016 item
1119 1952 1280 2036 Gronov.)
1297 1959 1433 2019 aniius
1448 1957 1568 2032 (Sole

421 2061 493 2134 uis)
509 2059 660 2119 Romam
675 2062 890 2120 translatas
905 2060 1015 2134 diuque
1030 2052 1205 2133 obseruatus,
1222 2067 1250 2120 et
1265 2056 1301 2140 (l.
1312 2056 1368 2139 set)
1385 2068 1569 2121 senescentes

418 2165 565 2237 paulatim
580 2163 736 2237 reparavit
750 2161 834 2237 Sylla
850 2152 995 2223 dictator:
1015 2170 1160 2237 reputans
1174 2175 1214 2222 en
1223 2163 1392 2237 praedietis
1406 2164 1569 2245 Democriti

420 2265 501 2338 quod
514 2265 697 2324 ambitiosam
711 2279 840 2324 mensam
852 2263 996 2340 fortuna,
1010 2280 1138 2340 parcam
1154 2265 1246 2323 uirtus
1261 2265 1395 2340 adponit.
1427 2265 1470 2325 Id
1490 2267 1568 2324 enim

421 2367 511 2425 etiem
530 2365 716 2426 Tusculanus
732 2366 803 2427 Cato
815 2369 982 2443 prudenter
997 2361 1152 2443 definieris,
1175 2369 1226 2426 eui
1240 2366 1374 2427 Censorii
1386 2383 1569 2442 aopnomeu-

421 2475 482 2526 tum
496 2469 606 2527 castior
620 2470 698 2528 uitae
711 2469 822 2528 indidit
835 2472 932 2530 cultus
947 2472 1106 2542 ‘manum
1132 2471 1240 2542 iuquit,
1260 2469 1353 2528 ‘cura
1368 2470 1440 2543 cibi,
1456 2485 1569 2544 maana

381 2634 384 2638 ,
422 2572 538 2630 uirtutis
552 2571 688 2631 incuria'
705 2589 733 2631 e.
750 2590 780 2653 q.
798 2590 821 2634 s.
859 2567 925 2632 Ubi
940 2557 1187 2657 baud'obsc'ure
1208 2564 1297 2650 leges
1313 2566 1386 2631 XII
1401 2567 1570 2652 signifieat

423 2668 612 2734 ‘translatas
628 2691 670 2732 ex
684 2669 830 2755 Lycurgi
850 2668 970 2734 rhetris
992 2677 1025 2732 et
1046 2668 1165 2733 axibus
1183 2666 1238 2750 (cf.
1255 2666 1384 2733 Gellius
1401 2670 1436 2735 Il
1454 2669 1568 2756 12111.)

422 2769 564 2836 Solonis’
579 2770 641 2835 hoc
655 2771 896 2855 enimalterum
911 2759 1030 2836 nomen
1041 2771 1075 2834 in
1086 2769 1181 2835 libris
1194 2771 1460 2858 editionibusque
1472 2772 1569 2836 omis·

377 2926 379 2930 .
423 2895 495 2938 sum
510 2871 677 2960 supplevi,
692 2894 756 2959 quo
771 2895 882 2938 carere
897 2895 958 2937 nec
978 2895 1037 2959 per
1057 2881 1286 2957 argumentum
1308 2873 1407 2938 liceat
1427 2895 1490 2938 nec
1511 2895 1569 2959 per

422 2976 676 3042 concinnitatem
703 2975 877 3058 sermonis3
904 3016 946 3026 -
971 2976 1095 3040 frustra
1116 2983 1225 3039 autem
1246 2974 1436 3062 Lycurgum
1457 2975 1568 3062 potius

422 3076 782 3164 expellereWagnerus
797 3077 914 3143 maluit
932 3115 966 3124 -
986 3088 1019 3142 et
1033 3076 1076 3141 of.
1088 3075 1194 3141 XXII
1211 3076 1262 3158 16,
1278 3077 1320 3141 22
1334 3082 1386 3141 ‘Et
1395 3080 1485 3141 Solon
1498 3099 1570 3141 sen-

338 3243 340 3248 .
422 3187 519 3244 tentiis
537 3184 658 3244 adiutus
682 3184 811 3260 Aegypti
832 3185 1020 3245 sacerdotum
1048 3186 1117 3244 latis
1137 3185 1211 3244 iusto
1235 3184 1437 3244 moderamine
1450 3185 1571 3258 ‚tepidus

422 3287 559 3346 Bornano
573 3301 688 3360 quoque
702 3289 764 3345 iuri
776 3289 940 3347 marimum
955 3286 1076 3346 addidit
1088 3287 1330 3358 firmamentum?
1354 3280 1468 3346 Aurel.
1478 3281 1569 3347 Vict.

423 3386 463 3449 de
478 3385 540 3449 vir.
556 3382 601 3447 ill.
616 3383 670 3464 21,
687 3385 714 3446 1.
739 3384 944 3468 Augustinus
960 3383 997 3447 C.
1013 3383 1055 3448 D.
1072 3384 1107 3448 Il
1126 3385 1173 3450 16.
1198 3383 1347 3450 Isidorus
1364 3382 1420 3448 Or.
1438 3383 1470 3448 V
1489 3385 1519 3466 1,
1538 3384 1567 3448 l.

381 3525 384 3529 ·
422 3486 495 3551 Iam
510 3507 552 3550 ex
568 3494 637 3550 tota
651 3483 747 3548 huius
763 3483 825 3549 loci
841 3485 968 3551 ratione
989 3485 1050 3551 hoc
1072 3484 1266 3551 concludere
1282 3485 1433 3551 videmur
1447 3485 1483 3549 in
1499 3485 1570 3552 XII

422 3587 545 3654 tabulis
558 3588 777 3672 sumptuarias
790 3610 917 3674 quoque
931 3586 1018 3672 leges
1032 3587 1135 3652 fuisse
1147 3587 1264 3674 quibus
1282 3611 1415 3653 mensae
1437 3587 1571 3653 luxuria

423 3680 657 3755 extenuaretur
677 3690 775 3754 certis
803 3689 923 3756 finibus
949 3690 1209 3776 circumscripta:
1233 3701 1330 3776 atque
1351 3690 1467 3755 eodem
1487 3692 1572 3756 facit

423 3791 511 3879 quod
526 3789 618 3858 Sulla
633 3791 753 3856 dicitur
767 3790 840 3857 illas
856 3813 1045 3879 reparasse,
1067 3813 1165 3877 quem
1180 3793 1332 3858 novimus
1353 3791 1425 3878 lege
1440 3795 1571 3859 cavisse

424 3905 474 3960 ‘ut
486 3901 634 3960 Kalendis
652 3895 759 3958 Idibus
775 3899 867 3958 Nonis
888 3898 1047 3972 diebusque
1073 3899 1211 3957 ludorum
1231 3906 1259 3958 et
1281 3899 1372 3972 seriis
1392 3901 1570 3974 quibusdam

397 4038 406 4053 ·
422 4003 609 4062 sollemnibus
623 4004 769 4061 sestertios
784 4004 960 4061 tricentenes
979 4002 1010 4058 in
1029 4016 1134 4060 cenam
1150 4002 1298 4061 insumere
1318 4004 1364 4082 ius
1380 4008 1572 4077 potestasque

422 4114 509 4176 esset,
531 4108 637 4165 ceteris
658 4112 756 4164 auum
777 4104 879 4164 diebus
898 4103 1030 4162 omnibus
1050 4119 1107 4162 non
1130 4106 1258 4178 amplius
1279 4107 1423 4164 tricenes'
1441 4099 1570 4165 Gellius

423 4203 460 4267 II
471 4203 525 4285 24,
544 4203 594 4285 12,
611 4203 655 4268 ef.
671 4201 757 4268 Plut.
774 4200 855 4266 Sull.
870 4201 913 4266 35
927 4202 1100 4282 παρέβαινε
1123 4205 1158 4268 δὲ
1181 4203 1232 4267 καὶ
1252 4203 1292 4267 τὰ
1314 4204 1387 4282 περὶ
1408 4207 1466 4282 τῆ(
1482 4205 1570 4270 εὐτε-

423 4306 510 4371 λείαε
531 4310 598 4385 τῶν
621 4307 762 4371 δείπνων
785 4306 844 4369 ὑπ’
860 4306 961 4369 αὐτοῦ
984 4306 1159 4384 τεταγμένα
1181 4307 1245 4369 κτλ.
1268 4314 1301 4369 et
1315 4326 1420 4390 comp.
1436 4304 1521 4392 Lyc.
1538 4315 1570 4369 et

424 4375 558 4490 sult'b3
580 4407 698 4494 quibus
721 4430 763 4472 ex
782 4406 863 4473 locis
877 4405 1039 4472 Macrobii
1059 4427 1150 4472 error
1165 4407 1376 4492 corrigendus
1393 4416 1444 4472 est
1458 4407 1514 4472 III
1531 4409 1569 4472 17

424 4652 520 4704 fenore
540 4655 673 4700 statutum
691 4652 779 4702 fuisse
800 4651 953 4712 contendit,
973 4650 1087 4702 solidum
1107 4649 1313 4702 fundamentum
1337 4653 1497 4705 substruere
1514 4649 1569 4714 kisti

424 4739 547 4809 opinioni
566 4738 730 4802 supersedit.
