3709 5634
438 665 482 730 20
789 716 791 719 .
868 683 981 731 csrvr
1003 682 1151 731 raruvu.

439 840 501 906 bus
516 837 599 904 nibil
613 835 677 901 nisi
697 835 883 923 fragmenta
897 835 997 902 exilia
1012 825 1101 924 apud
1116 844 1243 904 veteres
1259 845 1424 919 auctores,
1445 837 1585 903 maxime

439 941 687 1025 grammaticos,
703 938 874 1006 recondita
887 939 1121 1028 comparuisse.

524 1042 595 1107 Iam
615 1043 671 1131 qui
690 1043 768 1108 inde
784 1041 937 1109 alitteris
958 1041 1208 1108 renascentibus
1224 1040 1294 1106 XII
1309 1041 1497 1108 tabularum
1512 1041 1584 1106 reli-

439 1147 525 1234 quiis
547 1144 742 1232 colligendis
762 1145 976 1234 disponendis
997 1143 1208 1210 restituendis
1224 1165 1359 1232 operam
1374 1145 1471 1210 enixe
1487 1144 1582 1209 dede-

440 1258 517 1316 runt
537 1257 571 1314 et
590 1248 801 1314 iureconsulti
823 1259 855 1314 et
875 1248 1083 1334 grammatici
1097 1287 1140 1296 -
1154 1268 1193 1312 ac
1208 1246 1341 1313 videtur
1362 1248 1491 1313 sanein
1507 1247 1583 1312 deli-

438 1352 498 1416 ciis
525 1351 627 1417 studii
650 1373 764 1418 recens
793 1352 931 1418 excitati
956 1351 1012 1417 diu
1035 1351 1140 1415 fuisse
1165 1349 1280 1414 horum
1301 1359 1584 1418 monumentorum

438 1455 592 1521 tractatio
607 1493 651 1506 »-
664 1455 761 1520 ineis
778 1431 1008 1520 endmerandis
1024 1476 1065 1518 ne
1081 1454 1172 1538 longi
1188 1452 1305 1536 simus,
1328 1439 1583 1540 facit'pergrata

437 1556 536 1622 nobis
558 1565 592 1622 et
610 1556 708 1644 plane
728 1555 934 1623 admirabilis
955 1561 997 1620 H.
1013 1556 1054 1620 Ε.
1069 1555 1231 1622 Dirkseni
1253 1554 1424 1641 diligentia
1444 1565 1477 1621 et
1492 1579 1582 1622 accu-

437 1660 540 1743 ratio,
556 1661 612 1747 qui
626 1661 662 1724 in
675 1658 759 1727 libro
777 1680 914 1746 operoso
931 1657 1138 1726 ‘Uebersicht
1149 1658 1208 1723 der
1218 1658 1581 1744 bisherigenVersuche

339 1843 349 1852 ·
437 1784 497 1827 aur
516 1762 630 1829 Kritik
658 1762 727 1828 und
752 1762 968 1846 Herstellung
993 1761 1050 1826 des
1072 1761 1194 1826 Textes
1221 1760 1281 1826 der
1306 1760 1587 1848 Zwblftafelfrag-¹

389 1864 393 1869 ’
438 1874 570 1932 mente)
593 1866 685 1952 Lips.
703 1863 786 1930 1824
805 1865 891 1929 hane
904 1885 974 1928 rem
988 1862 1081 1928 faece
1096 1872 1191 1928 tenus
1208 1864 1371 1930 exhausit.
1402 1862 1504 1929 Cuius
1520 1887 1584 1930 non

437 1968 607 2032 minimum
622 1967 818 2038 beneficium
834 1971 895 2032 hoc
910 1965 991 2049 fuit,
1008 1965 1177 2052 quodiam
1193 1965 1269 2032 licet
1284 1990 1358 2032 cum
1374 1988 1502 2032 summa
1512 1988 1583 2032 con-

439 2070 576 2136 fidentia
589 2069 745 2158 pleraque
767 2093 810 2136 ex
823 2069 889 2133 illis
904 2067 1002 2156 plane
1016 2068 1117 2133 missa
1132 2067 1240 2134 facere
1255 2065 1337 2134 nulli
1354 2068 1494 2156 amplius
1510 2069 1582 2134 usui

438 2172 551 2237 futura
560 2222 570 2256 ,
592 2182 691 2260 atque
701 2173 809 2242 ¹tutius
825 2171 868 2236 ad
882 2171 973 2259 ipsos
988 2157 1098 2237 lentes
1112 2171 1316 2258 incorruptos
1332 2171 1464 2238 reverti.
1497 2171 1582 2238 Nam

438 2278 481 2338 eir
494 2273 567 2359 plus
583 2275 804 2361 quadraginta
818 2274 997 2341 editoribus
1014 2273 1131 2361 quibus
1147 2273 1335 2339 Dirksenus
1350 2297 1429 2339 usus
1443 2281 1494 2338 est
1506 2296 1582 2360 pau·

438 2376 562 2440 cissimi
577 2399 656 2441 sane
671 2380 776 2443 bonae
791 2377 896 2462 frugis
912 2375 1090 2463 quidquam
1104 2376 1138 2440 in
1153 2377 1259 2463 legem
1271 2377 1493 2442 contulerunt:
1511 2399 1582 2442 cum

438 2479 508 2543 fere
529 2501 643 2544 omnes
665 2479 778 2544 otiosis
799 2478 1000 2566 ludicrisque
1017 2479 1165 2545 artificiis
1182 2479 1277 2546 unice
1292 2477 1500 2544 indulserint.
1530 2479 1584 2542 Ni-

439 2582 558 2645 mirum
586 2581 623 2645 in
651 2581 854 2647 restituenda
882 2580 955 2667 lege
980 2583 1085 2667 magis
1112 2588 1211 2669 quam
1235 2583 1271 2647 in
1296 2581 1529 2647 constituenda
1554 2591 1583 2644 et

438 2681 511 2748 loti
526 2692 559 2748 et
573 2682 776 2769 grammatici
791 2705 850 2748 suo
866 2684 1005 2770 quisque
1020 2707 1109 2750 more
1125 2707 1185 2771 pro
1198 2687 1331 2752 diversa
1343 2683 1445 2748 studii
1456 2685 1584 2750 ratione

438 2786 657 2853 versabantur
669 2786 717 2850 ita
731 2786 882 2874 quidem,
902 2794 940 2850 ut
955 2787 1065 2854 verbis
1082 2785 1163 2873 legis
1178 2785 1245 2869 illi,
1260 2787 1294 2851 hi
1309 2787 1453 2874 antiquis
1469 2786 1583 2853 formis

437 2889 599 2954 restitutis
625 2891 769 2954 maxime
795 2888 1077 2976 delectarentur.¹)
1115 2889 1255 2956 Accedit
1281 2889 1369 2977 quod
1394 2889 1584 2977 plerumque

437 2989 527 3057 nullo
550 2990 738 3057 discrimine
753 2993 851 3057 etiam
867 3014 1001 3078 prorsus
1018 2991 1126 3056 aliena
1141 2991 1206 3077 legi
1220 2991 1395 3058 obtrudere
1411 2993 1484 3056 ausi
1500 3001 1583 3056 sunt.
1693 2999 1694 3019 ¹

440 3093 558 3180 Itaque
574 3094 627 3177 fit,
643 3103 681 3159 ut
696 3111 741 3159 ex·
751 3096 814 3159 hac
828 3093 1037 3158 multitudine
1052 3093 1170 3181 quibus
1185 3094 1310 3181 proprii
1325 3094 1435 3159 meriti
1450 3094 1522 3160 laus
1533 3095 1584 3160 dc-

437 3194 568 3279 beatur,
591 3205 747 3283 quattuor
767 3204 894 3261 tantum
916 3195 1192 3264 commemorandi
1212 3197 1279 3261 sint
1298 3197 1494 3262 Franciscus
1511 3196 1584 3262 Bal-
1690 3245 1691 3256 .

439 3297 558 3361 duiuus
582 3297 690 3382 (1550.
714 3298 810 3383 1551)
818 3347 827 3381 ,
855 3299 934 3362 Ant.
957 3297 1093 3362 Contius
1121 3297 1229 3382 (1555.
1253 3299 1367 3387 1572),
1394 3300 1511 3365 Franc.
1533 3300 1583 3364 Pi·

441 3399 557 3463 tboeus
574 3400 699 3486 (1586),
715 3399 855 3465 Iacobus
871 3398 1095 3465 Gothofredus
1114 3398 1221 3484 (1616.
1240 3401 1374 3489 1653).²)

524 3499 648 3569 Contra
667 3502 763 3587 longe
782 3501 946 3587 gravioris
971 3505 1127 3570 momenti
1149 3524 1188 3567 ea
1202 3513 1279 3568 sunt
1294 3527 1377 3591 quae
1394 3503 1582 3570 criticorum

439 3602 563 3668 saeculi
579 3604 665 3670 sexti
681 3614 715 3669 et
730 3604 861 3691 septimi
877 3604 995 3670 decimi
1010 3607 1142 3690 ingenia
1154 3607 1398 3692 opportunitate
1410 3605 1523 3673 oblata
1534 3605 1585 3672 vel

440 3704 646 3771 observando
662 3705 716 3773 vel
731 3705 933 3779 emendando
948 3707 984 3771 in
999 3707 1070 3772 XII
1084 3706 1204 3773 tabulis
1220 3707 1442 3794 profecerunt3
1460 3732 1503 3774 ex
1517 3711 1584 3796 qui-

436 3806 499 3872 bus
521 3818 653 3895 praeter
673 3819 799 3876 ceteros
822 3811 967 3875 eminent
982 3809 1049 3874 lac.
1066 3807 1219 3876 Cuiacius
1239 3812 1332 3877 ICtus
1348 3810 1473 3900 pariter
1487 3821 1584 3898 atque

438 3910 622 3997 philologus
643 3913 782 3998 insignis
803 3913 923 4000 quique
944 3935 1019 3978 eum
1034 3912 1117 3977 adeo
1133 3914 1303 3999 superavit
1322 3913 1471 3979 acumine
1486 3923 1583 4000 atque

440 4012 566 4098 ingenii
586 4013 745 4080 felicitate
764 4015 793 4079 Ι.
809 4016 837 4080 l.
852 4013 1000 4100 Scaliger
1006 4015 1050 4100 ³);
1076 4016 1236 4081 accedunt
1251 4009 1443 4098 Turnebus,
1458 4015 1583 4120 &Manu-

507 4236 528 4303 ¹)
546 4239 589 4289 Ex
607 4239 697 4292 altero
714 4255 827 4292 numero
845 4239 965 4291 maxime
984 4244 1048 4292 sunt
1065 4239 1183 4292 Fulvius
1196 4240 1314 4294 Ursinus
1332 4242 1362 4292 in
1373 4239 1453 4292 Notis
1472 4239 1508 4292 ad
1519 4239 1581 4291 Ant.

439 4322 589 4388 Augustini
606 4324 640 4376 de
659 4325 769 4392 legibus
788 4329 816 4378 et
828 4323 903 4376 lctis
922 4325 1031 4379 librum.
1051 4325 1156 4378 Romae
1170 4327 1246 4390 158&
1267 4326 1372 4379 Paulus
1383 4325 1490 4377 Merula
1504 4325 1582 4390 (mor-

438 4408 598 4476 1111111607)
622 4410 655 4461 de
678 4411 734 4477 leg.
751 4411 830 4464 Rom.
852 4426 876 4465 c.
894 4412 989 4462 8—23
1010 4413 1040 4462 in
1059 4413 1128 4479 Opp.
1152 4417 1269 4478 portum.
1294 4412 1336 4468 ed,
1361 4412 1440 4476 16843
1463 4411 1581 4476 denique

437 4492 570 4544 Nicolans
588 4495 728 4547 Funccius
746 4497 838 4563 Leges
855 4497 909 4546 XII
933 4497 1092 4548 tabularum
1114 4499 1173 4548 suis
1191 4502 1327 4562 quotquot
1348 4497 1464 4563 reperiri
1485 4499 1581 4562 potue·

437 4581 503 4652 runt
519 4579 684 4646 fragmentis
702 4581 856 4635 restitutae.
874 4581 980 4634 Rintel.
999 4583 1074 4638 1144.

505 4662 526 4727 ²)
546 4665 582 4718 cf.
600 4665 757 4717 Dirksenus
775 4666 794 4720 1.
813 4667 831 4720 1.
852 4683 880 4733 p.
898 4670 940 4723 37.
959 4670 1001 4720 40.
1020 4671 1063 4720 64.
1082 4671 1123 4722 77.

505 4746 527 4813 ³)
546 4748 631 4801 Cuius
654 4751 833 4803 memorabile
859 4756 901 4804 est
924 4753 1027 4804 dictum
1050 4755 1079 4804 iu
1104 4753 1324 4820 ‘Scaligeranis’
1347 4755 1362 4805 1
1384 4769 1410 4806 v.
1435 4749 1601 4804 cuiaeiuss,
