3709 5634
439 651 486 698 DE
507 650 703 700 vnrnmsvs
726 649 778 698 ΧΠ
800 650 1015 699 'rassvnsssvm
1038 653 1323 704 INTERPRETIBVS.
1409 639 1451 705 29

304 825 360 866 rus
385 801 513 869 rettulit
530 803 618 870 Hist.
642 805 715 872 crit.
739 803 839 870 schol.
860 804 918 871 lat.
940 829 973 892 p.
989 804 1044 888 38,
1071 807 1106 870 in
1126 828 1162 872 eo
1184 817 1293 873 tamen
1314 808 1451 876 mirifice

305 902 435 992 lapsus,
451 905 539 992 quod
553 905 677 972 Sexto
692 905 789 973 Aelio
804 906 952 992 glossam
967 907 1158 995 adscripsit:
1181 909 1301 974 rectius
1318 910 1449 977 Merke-

303 1004 366 1071 lius
382 1005 404 1070 l.
420 1005 442 1071 l.
459 1007 517 1072 CV
531 1008 579 1073 eis
599 1008 710 1075 verbis
728 1008 892 1075 lemmatis
914 1008 1077 1097 deperditi
1099 1009 1188 1098 quod
1208 1025 1226 1076 e
1241 1011 1312 1079 XII
1327 1013 1448 1080 tabulis

304 1107 418 1192 fuerit,
436 1109 641 1198 deperditam
656 1111 910 1201 explicationem
924 1111 1085 1178 contineri
1106 1114 1276 1202 perspexit
1296 1115 1448 1204 idemque

303 1210 514 1278 Lachmanno
528 1213 693 1300 probavit.
716 1215 767 1281 Ac
781 1214 898 1280 videor
912 1213 1009 1297 mihi,
1025 1213 1113 1302 quod
1128 1213 1192 1282 loci
1207 1215 1293 1284 ratio
1308 1216 1449 1304 flagitat,

304 1333 369 1378 non
402 1315 473 1379 sine
502 1315 615 1403 aliqua
636 1315 885 1404 ‘probabilitatis
920 1316 1029 1404 specie
1056 1317 1261 1404 supplevisse
1299 1321 1334 1383 in
1362 1319 1450 1386 hunc

304 1415 451 1482 modum:
471 1421 664 1500 Troasque
678 1425 765 1485 dato
778 1421 906 1506 nomed
919 1425 1022 1484 Aelr'us
1035 1425 1067 1484 in
1082 1423 1153 1484 XII
1163 1419 1351 1506 siy(mflrare
1364 1433 1450 1486 tra-

305 1523 465 1599 diroque.
496 1521 538 1586 cf.
555 1544 587 1609 p.
602 1522 666 1588 309
679 1523 726 1588 M.
747 1526 820 1588 ‘Suo
839 1544 889 1588 vos
905 1530 998 1603 placo
1018 1527 1049 1586 in
1067 1527 1209 1603 precibus
1225 1527 1295 1601 sere
1309 1545 1376 1589 cum
1396 1531 1449 1590 cli-

306 1627 384 1687 citur
402 1629 555 1702 significat
573 1629 608 1689 id
625 1630 706 1705 quod
723 1631 872 1708 supplice,
892 1638 926 1690 ut
945 1631 976 1689 z'n
997 1627 1141 1703 teribus
1161 1625 1341 1705 'transque
1361 1631 1450 1692 doto

308 1734 337 1788 et
354 1731 490 1806 ordoque
507 1735 662 1808 plorato’:
687 1729 746 1794 ubi
771 1727 861 1814 leges
882 1727 954 1793 XII
974 1725 1119 1812 intellegi
1139 1728 1293 1794 certiores
1320 1751 1379 1794 nos
1401 1730 1449 1794 fa-

305 1828 351 1896 cit
365 1829 534 1896 Ciceronis
551 1830 593 1896 de
607 1855 639 1895 v.
657 1836 750 1896 ‘endo
766 1838 904 1911 plorato'
921 1829 1146 1897 testimonium
1161 1851 1207 1894 or.
1228 1853 1261 1916 p.
1273 1830 1359 1896 Tull.
1377 1830 1450 1913 §50

310 1932 365 2017 (cf.
383 1933 424 1997 Τ.
439 1931 527 1998 VIII
543 1933 608 2020 12).
639 1933 742 2021 Atqui
763 1955 837 1998 cum
856 1933 971 1998 redeat
991 1933 1026 1996 in
1040 1930 1135 1997 Pauli
1156 1953 1198 1998 ox
1217 1933 1317 1999 Festo
1339 1956 1448 1998 excer-

305 2035 369 2121 ptis
386 2039 479 2099 ‘endo
491 2038 611 2114 plorato
624 2042 799 2117 implorato’
815 2058 846 2123 p.
856 2036 895 2101 77
910 2035 969 2118 M,
986 2035 1085 2100 etiam
1100 2040 1260 2114 ‘transque
1275 2041 1363 2100 doto’
1379 2036 1449 2101 sive

306 2135 400 2201 malis
418 2145 544 2202 ‘trans
562 2143 666 2202 dato’
679 2137 705 2223 ¹)
722 2161 818 2204 suum
833 2137 973 2225 adipisci
988 2135 1096 2202 locum
1111 2137 1146 2200 in
1161 2137 1316 2203 continuo
1331 2138 1448 2204 verbo·

306 2261 378 2304 rum
402 2238 517 2306 ordine
543 2262 603 2327 par
623 2241 697 2306 fuit.
740 2241 832 2308 Solet
858 2241 944 2305 enim
964 2238 1102 2304 Verrius
1123 2253 1206 2327 quae
1234 2238 1315 2304 alias
1338 2239 1449 2305 dedite

306 2363 406 2428 opera
420 2351 673 2426 commentatur,
696 2341 812 2408 eadem
833 2342 914 2408 alias
937 2341 1160 2428 exemplorum
1180 2342 1252 2408 loco
1272 2365 1448 2430 usurpare3

306 2452 343 2509 ut
357 2444 457 2510 etiam
476 2446 578 2511 verbo
593 2448 665 2510 ‘sub
685 2466 735 2510 vos
750 2453 859 2527 placo'
874 2446 942 2510 iam
961 2443 1142 2510 illustravit
1161 2467 1257 2510 usum
1276 2443 1448 2532 locutionis

306 2549 352 2612 ‘ob
366 2567 416 2611 ros
428 2556 529 2612 sacro'
544 2571 576 2635 p.
595 2549 666 2614 190.
687 2549 731 2613 cf.
747 2571 779 2636 p.
798 2548 860 2613 rto
874 2552 1020 2627 ‘nuptias'
1036 2569 1110 2611 cum
1126 2569 1156 2633 p.
1174 2547 1235 2612 184
1249 2550 1390 2612 ‘obnubit’
1406 2549 1448 2612 al.

306 2686 348 2696 -—
368 2649 439 2715 Nec
458 2650 564 2715 minus
590 2650 633 2716 ad
659 2649 742 2716 illud
763 2650 850 2740 quod
878 2650 1035 2737 proposui
1055 2649 1347 2715 commendandum
1368 2650 1449 2714 facit

306 2774 464 2840 perquam
490 2762 693 2840 opportunus
720 2754 904 2820 vicinarum
927 2750 1115 2837 glossarum
1140 2751 1231 2816 ordo.
1275 2750 1449 2816 Praecedit

307 2855 392 2919 enim
404 2856 723 2922 siveMommsenum
733 2857 878 2943 sequeris
891 2858 1028 2918 ‘Transit
1036 2859 1215 2936 imperiom',
1229 2853 1300 2921 sive
1309 2852 1450 2937 Bergkii

307 2979 410 3042 sagax
421 2980 501 3023 sane
511 2959 681 3024 inventum
691 2961 916 3023 ‘Translatt'one
925 2963 978 3022 lex
988 2963 1106 3036 curiata
1118 2954 1284 3038 sertur'²);
1302 2956 1450 3042 sequitur

307 3063 493 3124 trisulcum&
509 3061 664 3127 Ceterum
674 3061 785 3127 nescio
797 3083 841 3125 an
851 3059 958 3148 spatio
969 3058 1085 3124 melius
1096 3056 1283 3124 consulatur
1294 3062 1359 3122 ‘ait'
1372 3058 1448 3122 scri·

306 3162 413 3228 bondo
425 3185 486 3249 pro
498 3164 679 3249 ‘(noto)vit’,
700 3166 793 3228 cuius
809 3162 903 3229 verbi
917 3160 1026 3227 nullus
1042 3160 1130 3248 apud
1145 3161 1280 3226 Festum
1293 3183 1373 3224 usus
1389 3171 1449 3226 ost.

307 3265 461 3346 -Quod
476 3289 554 3331 vero
571 3266 702 3332 efficere
710 3266 806 3333 ⁴volui
820 3287 933 3331 omnes
949 3286 1004 3330 eos
1019 3262 1108 3348 locos
1122 3262 1232 3346 Festi,
1248 3263 1367 3349 quibus
1384 3264 1447 3328 Ae-

307 3366 368 3431 lius
383 3367 471 3432 nude
491 3367 690 3455 appelletur,
712 3368 755 3433 ad
771 3367 928 3435 Stilonem
948 3366 1126 3453 pertinere,
1148 3364 1184 3430 id
1204 3374 1237 3429 et
1257 3375 1373 3452 suapte
1393 3387 1448 3430 na·

306 3478 379 3534 tura
393 3470 506 3558 reique
521 3470 731 3556 simplicitate
751 3469 998 3536 commendatur
1018 3478 1051 3534 ot
1065 3467 1227 3533 Varronis
1247 3467 1395 3554 exemplo
1417 3476 1450 3532 et

307 3571 447 3659 denique
471 3573 618 3660 ipsorum
644 3573 906 3659 fragmentorum
929 3571 1058 3638 ratione
1083 3570 1286 3657 probatur.³)
1329 3570 1448 3652 Quam-

313 3744 500 3757 ἢ-

375 3861 396 3930 ¹)
414 3864 476 3916 Hoc
494 3865 613 3917 fortasse
632 3865 825 3932 probabilium·
836 3865 878 3916 ita
893 3866 976 3915 ‘endo
992 3865 1111 3929 plorato'
1132 3866 1175 3914 est
1192 3860 1264 3928 apud
1278 3861 1448 3927 Ciceronem,

307 3948 438 4011 Paulum,
458 3951 661 4003 Glossariorum
679 3957 822 4016 auctores,
847 3965 908 4001 cum
926 3951 1071 4014 ‘sudoque
1092 3951 1211 4014 plorato’
1231 3951 1367 4013 appareat
1387 3964 1449 4013 pro-

309 4037 394 4100 prium
422 4037 494 4102 legis
522 4053 593 4088 esse.
633 4035 700 4088 sm.
724 4037 920 4104 ‘praemonuit'
948 4035 1026 4084 Fest.
1049 4050 1075 4099 p.
1099 4034 1149 4084 mo
1177 4038 1206 4083 et
1232 4032 1321 4085 Gloss.
1343 4033 1448 4083 Labb.:

309 4124 452 4187 ‘pedemoe
477 4104 574 4172 struw‘
597 4122 643 4172 lex
671 4122 744 4189 apud
770 4124 849 4174 Fest.
876 4138 903 4187 p.
928 4123 987 4172 310.
1031 4118 1111 4170 Unde
1142 4117 1278 4167 diiudices
1307 4132 1361 4182 quo
1388 4119 1447 4168 iure

310 4205 490 4258 Schroeterns
513 4209 542 4258 in
561 4206 710 4258 Schunekii
729 4207 830 4276 Annei.
848 4207 903 4259 litt.
920 4208 973 4256 iur.
993 4206 1031 4256 1v
1049 4222 1075 4271 p.
1095 4206 1128 4255 33
1152 4219 1185 4254 cx
1204 4201 1346 4278 Ciceronis
1368 4205 1448 4254 testi-

307 4293 398 4344 monio
417 4293 524 4344 efficiat
541 4295 667 4360 ‘endoque
682 4295 798 4359 plorato'
817 4309 860 4359 ap.
874 4293 987 4343 Festum
1005 4289 1041 4342 ad
1058 4289 1148 4355 legem
1166 4287 1220 4339 XII
1238 4289 1376 4353 pertinere
1395 4303 1449 4339 non

307 4392 396 4442 posse.

374 4462 395 4529 ²)
414 4465 574 4516 ‘Tribunicio
585 4466 728 4532 rogatione'
746 4465 838 4518 voluit
851 4463 985 4528 Ursinus,
1003 4461 1134 4527 ‘Triffl'nta
1146 4460 1285 4511 lictoribus’
1304 4459 1449 4510 Rubinonc

309 4553 420 4601 auctore
438 4550 598 4602 Muellerus.

375 4635 396 4701 ⁸)
413 4637 570 4702 Numquam
588 4641 680 4688 eutem
699 4635 772 4703 spud
789 4637 904 4688 Festum
921 4635 968 4688 vol
986 4635 1030 4689 Ψ.
1043 4634 1143 4685 Aelirs'
1162 4629 1207 4682 vel
1225 4631 1336 4681 inverso
1354 4631 1448 4682 ordine

312 4721 386 4773 ‘Stilo
404 4723 504 4772 Aelius'
522 4725 695 4788 nominatur,
714 4722 748 4774 de
766 4737 820 4788 quo
837 4739 865 4788 p.
877 4723 927 4773 355
944 4737 969 4772 v.
988 4720 1123 4772 tumulum
1142 4704 1285 4768 inferendo
1297 4715 1449 4768 MerkcIIus
