3709 5634
413 672 475 739 124
571 682 573 686 ’
843 690 980 737 anavus
1004 692 1054 737 ru.
1079 691 1125 736 rv.

497 860 632 909 usurus
659 860 826 909 NVNDINIS
854 860 979 908 PARTlS
1008 859 1175 909 SEGANTO.
1220 860 1252 908 Sl
1281 860 1368 908 ans
1399 860 1552 909 mluvsvs

412 963 630 1026 SECVERVNT,
655 963 694 1011 SE
717 962 857 1009 FRAVDE
880 962 979 1011 ESTO.

965 1082 995 1147 7.

495 1218 676 1277 ADVERSVS
698 1218 840 1269 HOSTEM
862 1216 1027 1267 AETERNA
1049 1218 1267 1270 Avcroslrss
1293 1212 1364 1267 esto.
1418 1282 1421 1289 Ι

1122 1341 1138 1381 ι(

847 1403 1034 1489 rusum
1056 1422 1115 1488 ιν.

966 1578 995 1640 1.

495 1697 608 1763 Cicero
631 1696 672 1761 de
694 1696 757 1781 leg.
775 1696 829 1761 III
851 1697 887 1777 8,
912 1697 952 1760 19
974 1696 1082 1760 ‘euius
1107 1696 1168 1779 (se.
1189 1696 1392 1782 tribunatus)
1415 1697 1554 1783 primum

409 1810 516 1865 ortum
539 1800 567 1863 si
588 1799 755 1865 reeordari
776 1798 944 1878 uolumus,
966 1797 1052 1862 inter
1074 1818 1166 1861 arma
1187 1797 1309 1862 ciuium
1332 1808 1365 1863 et
1386 1800 1554 1885 occupatis

410 1910 443 1965 et
470 1901 614 1967 obsessis
642 1900 734 1965 urbis
763 1898 843 1963 loeis
870 1910 1078 1985 procreatum
1110 1897 1265 1963 uidimus.
1315 1900 1447 1965 Deinde
1480 1924 1554 1967 eum

410 2012 497 2068 esset
527 2003 611 2069 eito
645 2000 860 2086 ablegatus
891 2010 1092 2087 tamquam
1124 2024 1172 2066 ex
1200 2000 1282 2065 XII
1307 2000 1464 2067 tabulis
1497 2002 1554 2066 in·

410 2104 541 2189 signis
562 2104 611 2169 ad
626 2103 931 2169 deformitatem
953 2125 1051 2189 puer
1071 2104 1166 2169 breui
1187 2113 1333 2188 tempore
1355 2102 1467 2169 neseio
1489 2127 1554 2191 quo

409 2217 507 2291 paeto
540 2215 708 2271 recreatus
737 2203 904 2292 multoque
932 2205 1069 2271 taetrior
1095 2216 1128 2271 et
1160 2204 1289 2271 foedior
1316 2214 1451 2279 renatus
1485 2213 1553 2271 est’

410 2306 596 2391 (ablegatus
621 2311 771 2371 duratus:
809 2305 937 2391 legatus
965 2311 1052 2371 codd.
1084 2316 1218 2372 necatus
1244 2305 1398 2371 Puteanus
1432 2307 1553 2373 letatus

411 2413 558 2473 Gruterus
578 2406 645 2475 leto
667 2407 764 2474 datus
789 2409 942 2497 Orellius).

409 2668 424 2728 5
443 2668 483 2716 19.
519 2666 724 2728 Quinctilianus
741 2667 785 2717 III
803 2667 828 2727 6,
847 2668 881 2718 84
898 2665 980 2716 ‘Sunt
998 2665 1070 2716 enim
1089 2666 1226 2730 quaedam
1243 2682 1298 2717 non
1315 2664 1473 2717 laudabilia
1500 2679 1554 2714 nou

409 2755 522 2811 natura,
542 2751 590 2802 sed
608 2752 668 2802 iure
687 2762 827 2811 concessa,
846 2755 876 2801 ut
893 2752 922 2800 in
940 2751 995 2802 XII
1011 2750 1116 2802 tabulis
1134 2751 1268 2802 debitoris
1286 2757 1384 2817 eorpus
1402 2751 1478 2801 inter
1496 2765 1554 2799 ere-

409 2836 512 2889 ditores
530 2837 617 2887 diuidi
634 2836 725 2900 licuit,
745 2852 826 2903 quam
843 2835 934 2901 legem
952 2851 1010 2887 mos
1022 2836 1150 2902 publicus
1162 2836 1339 2902 repudiauit)
1363 2834 1554 2887 Tertullianus

409 2922 487 2987 Apol⁴
505 2924 523 2972 4
540 2921 606 2973 ‘Sed
629 2926 658 2972 et
679 2922 817 2972 iudicatos
839 2922 868 2970 in
889 2924 985 2985 partes
1007 2922 1098 2972 secari
1120 2938 1137 2971 a
1156 2921 1340 2973 oreditoribus
1362 2920 1442 2986 leges
1462 2922 1551 2970 erant:

410 3022 547 3057 consensu
564 3011 658 3057 tamon
676 3007 787 3072 publico
806 3004 957 3057 erudelitas
974 3010 1074 3071 postea
1093 3020 1174 3056 erasa
1192 3010 1249 3070 est,
1269 3004 1321 3069 (et)
1332 3007 1363 3055 in
1375 3004 1489 3071 pudoris
1507 3020 1553 3054 uo·

409 3094 466 3140 tam
484 3090 585 3155 eapitis
608 3106 700 3156 poena
718 3105 853 3141 conuersa
877 3094 934 3141 est:
956 3091 1089 3141 bonorum
1113 3089 1239 3141 adhibita
1261 3090 1428 3156 proscriptio
1451 3088 1552 3139 suffun-

409 3175 473 3226 dere
497 3174 596 3224 maluit
617 3175 735 3226 hominis
754 3175 922 3241 sanguinem
950 3191 1031 3240 quam
1055 3174 1217 3226 effundere!
1255 3175 1310 3225 Dio
1334 3174 1417 3225 Cass.
1441 3174 1476 3224 fr.
1500 3174 1553 3223 ΧΠ

409 3256 453 3321 (d.
472 3258 531 3308 Mai
549 3258 649 3325 Soript.
666 3263 723 3309 μοι.
743 3276 805 3311 nou.
826 3258 889 3310 eoll.
908 3260 938 3310 11
954 3276 981 3324 p.
1000 3261 1061 3321 144)
1084 3257 1156 3310 ἄλλα
1173 3273 1206 3311 τε
1224 3259 1270 3310 καὶ
1288 3256 1382 3311 πολλὰ
1400 3257 1553 3324 κατὰτῶν

409 3340 595 3407 ὑπερημέρων
607 3342 704 3395 αὐτοῖς
716 3341 837 3407 ἐδίδοτο,
856 3343 901 3395 καὶ
919 3341 945 3395 εἰ
956 3342 991 3408 δή
1003 3357 1078 3395 τινες
1097 3342 1126 3408 (1.
1143 3343 1210 3410 τινι)
1227 3341 1341 3395 πλείους
1359 3342 1553 3395 δεδανεικότες

408 3425 525 3491 ἐτυχον,
543 3427 736 3493 κρεουργηδὸν
753 3427 843 3479 αὐτοῦ
861 3426 896 3479 τὸ
914 3430 993 3490 ςῶμα
1010 3427 1082 3493 πρὸς
1103 3426 1139 3479 τὸ
1162 3426 1244 3492 μέρος
1266 3425 1310 3479 ὧν
1331 3427 1458 3493 ὠφειλεν
1479 3426 1552 3480 ἐξου-

409 3508 469 3562 ςίαν
492 3509 571 3573 εἶχον
590 3510 801 3575 κατανέμεςθαι·
825 3512 976 3564 καὶτοῦτο
994 3511 1044 3576 μέν
1066 3510 1091 3565 εἰ
1113 3511 1217 3565 καὶτὰ
1239 3511 1357 3576 μάλιςτα
1378 3512 1552 3577 ἐνενὸμιςτο,

409 3594 476 3645 ἀλλ’
492 3594 526 3646 οὔ
543 3591 571 3646 τί
586 3608 619 3657 γε
637 3595 682 3647 καὶ
700 3594 775 3661 ἔργῳ
794 3596 864 3649 ποτέ
881 3596 1007 3661 ἐγεγόνει
1024 3597 1083 3648 κτλ.

476 3698 501 3751 7.
521 3695 618 3748 Cieero
637 3696 670 3748 de
690 3697 736 3747 off.
754 3699 769 3749 I
787 3700 828 3762 12,
846 3701 879 3750 37
897 3700 1004 3750 ‘Hostis
1023 3700 1096 3749 enim
1114 3698 1187 3764 apud
1204 3700 1324 3752 maiores
1340 3703 1452 3752 nostros
1469 3702 1494 3751 is
1511 3700 1554 3751 di·

409 3782 525 3832 cebatur
548 3795 629 3845 quom
651 3797 724 3833 nune
746 3783 921 3866 peregrinum
943 3784 1067 3837 dicimus.
1101 3782 1232 3856 Indicant
1254 3785 1399 3836 duodeeim
1421 3784 1551 3837 tabulae:

410 3862 451 3932 [II
469 3862 513 3932 2]‚
531 3866 666 3931 itemque:
686 3867 882 3919 ‘Aduersus’
902 3909 908 3921 .
927 3904 935 3919 .
955 3907 961 3919 .
999 3868 1035 3921 ef.
1054 3868 1141 3919 Varro
1159 3868 1193 3919 de
1211 3869 1243 3919 L.
1262 3870 1297 3920 L.
1315 3870 1340 3919 V
1357 3872 1383 3921 3.

478 3969 501 4021 1.
521 3966 556 4019 el.
574 3968 690 4033 Dionys.
708 3968 773 4023 Hal.
792 3968 820 4019 II
839 3970 871 4020 15
888 3970 1006 4033 πρῶτον
1024 3966 1074 4031 μέν
1093 3966 1132 4021 εἰς
1150 3966 1277 4035 ἀνάγκην
1295 3967 1447 4035 κατὲςτηςε
1466 3971 1516 4035 (se.
1536 3970 1552 4021 ὁ

408 4050 562 4116 Ῥωμύλος)
582 4050 650 4103 τοὺς
670 4049 821 4117 οἰκήτορας
846 4050 935 4118 αὐτῆς
958 4051 1069 4105 duntur
1091 4053 1196 4119 ἄρρενα
1212 4053 1315 4117 γενεὰν
1337 4054 1486 4121 ἐκτρέφειν
1508 4055 1552 4107 καί

408 4134 573 4201 θυγατέρων
594 4135 645 4187 τὰς
668 4136 886 4201 πρωτογόνους·
913 4136 1117 4191 ἀποκτινύνναι
1143 4138 1174 4191 δέ
1192 4138 1278 4205 μηδέν
1300 4142 1361 4191 τῶν
1387 4139 1553 4204 γενομένων

408 4219 553 4285 νεώτερον
570 4220 712 4286 τριετοῦς,
732 4221 809 4285 πλὴν
827 4219 852 4273 εἴ
863 4234 889 4272 τι
906 4219 1017 4283 γένοιτο
1035 4220 1147 4275 παιδίον
1164 4222 1313 4289 ἀνάπηρον
1330 4224 1348 4289 ἢ
1366 4222 1451 4289 τέρας
1469 4224 1553 4278 εὐθὺς

408 4302 466 4355 ἀπὸ
486 4306 581 4369 γονῆς.
620 4306 712 4357 ταῦτα
733 4304 762 4356 δ’
784 4304 837 4357 οὐκ
859 4303 1000 4358 ἐκώλυςεν
1021 4305 1157 4359 ἐκτιθέναι
1184 4307 1253 4360 τοὺς
1274 4306 1473 4375 γειναμένους,
1496 4308 1552 4362 ἐπι-

495 4545 524 4602 6.
548 4547 640 4603 teretis
669 4546 746 4603 Voss.
763 4549 831 4604 min.
845 4547 943 4605 Palae.
1023 4550 1221 4622 partisseeanto
1242 4550 1378 4607 German.
1409 4554 1499 4625 partis
1520 4547 1552 4625 (s.

407 4626 476 4704 ptis)
497 4630 612 4771 gestastis
625 4632 804 4772 ἑέίιὶιᾶἰὲἔίρυοι
817 4633 891 4688 libri.
914 4638 942 4706 ρ.
960 4640 1073 4690 seeuuto
1088 4634 1257 4693 Husckkr'us
1271 4636 1291 4692 1.
1304 4637 1323 4693 l.
1336 4652 1368 4709 p.
1385 4639 1425 4693 88
1440 4654 1469 4692 rr.
1492 4640 1549 4693 rio.
