3709 5634
418 608 462 673 24
585 646 593 654 »
735 618 950 666 ..osrvr
973 617 1147 664 streuva.

424 788 554 858 rentur,
582 778 657 842 ideo
683 773 796 841 statim
821 773 923 839 aetiti
943 769 1031 836 Aelii
1053 769 1272 836 adscribenda
1290 781 1411 836 essent.
1442 765 1564 837 Verum

421 883 576 972 cupidius
592 879 661 945 ‘hoe
680 875 861 964 praeripuit
882 863 1092 955 Huschkius‚
1120 895 1193 937 eum
1214 872 1291 938 inde
1312 873 1447 960 probari
1469 875 1567 940 vellet

421 986 482 1051 hos
512 983 613 1051 libros
643 992 710 1047 tres
735 979 872 1044 ‘eosdem
893 999 966 1041 esse
987 975 1021 1040 S.
1042 974 1131 1040 Aelii
1153 977 1460 1044 commentarios
1485 1001 1566 1065 quos

422 1089 461 1154 P.
483 1086 622 1153 Crassus
644 1084 725 1148 citat
748 1081 837 1168 apud
858 1081 1049 1146 Ciceronem
1063 1077 1085 1142 l.
1101 1077 1123 1142 l.
1155 1078 1248 1160 Quae
1268 1101 1320 1144 res
1340 1081 1438 1144 etiam
1461 1081 1492 1146 si
1505 1079 1566 1146 lar·

422 1191 551 1276 giamur
572 1187 614 1252 de
634 1186 741 1251 tribus
763 1182 1070 1273 commentariorum
1090 1180 1183 1246 libris
1200 1183 1345 1268 cogitare
1361 1205 1456 1269 posse
1472 1184 1566 1250 Pom-

423 1292 572 1380 ponium,
601 1287 815 1354 fundamento
835 1285 923 1352 omni
945 1284 1135 1350 destimitur
1156 1286 1242 1371 quod
1258 1308 1300 1350 ex
1316 1285 1464 1351 eiusdem
1479 1288 1567 1352 testi-

361 1397 364 1400 ’
423 1393 532 1460 monio
548 1392 589 1457 de
604 1389 670 1456 fide
684 1388 816 1456 illorum
830 1387 989 1466 librorum
1008 1386 1098 1452 haud
1119 1395 1248 1452 constat
1257 1387 1296 1472 1):
1326 1410 1399 1452 eum
1419 1389 1460 1454 de
1483 1411 1567 1454 eorn-

423 1495 593 1562 mentariis
609 1515 688 1559 sane
702 1491 792 1579 apud
806 1490 998 1557 Ciceronem
1014 1489 1164 1555 dubitare
1179 1512 1243 1555 non
1254 1487 1365 1555 liceat.
1395 1491 1484 1572 Quin
1498 1514 1568 1578 per-

424 1616 522 1686 quam
537 1605 613 1684 apte
629 1594 768 1682 simplex
783 1603 816 1659 et
830 1615 1001 1660 commune
1017 1593 1323 1658 commentariorum
1337 1614 1455 1660 nomen
1471 1595 1568 1659 etiam

380 1754 384 1759 .
423 1700 597 1788 ¹inpertitis
619 1697 787 1766 convenit:
814 1697 903 1784 quod
926 1695 1125 1761 adiectivum
1145 1718 1165 1760 a
1185 1696 1364 1783 Pomponio
1379 1697 1467 1762 nude
1483 1697 1568 1784 posiu

424 1814 493 1868 tum
515 1812 573 1868 aut
592 1801 692 1867 fallor
711 1809 767 1865 aut
788 1821 808 1863 a
828 1820 907 1864 vero
927 1819 994 1862 non
1009 1797 1163 1863 abhorret
1178 1799 1220 1864 ab
1235 1799 1307 1885 ipso
1324 1797 1419 1864 Aelio
1436 1808 1569 1865 auctum

423 1906 528 1972 fuisse
543 1904 752 1970 substantivo
768 1892 992 1966 ‘commentario
1007 1906 1183 1980 tripartita&
1354 1897 1356 1906 ”
1445 1899 1447 1903 ’

435 2072 444 2090 ,
500 1997 795 2092 interpretationis·
804 2014 924 2087 autem,
938 2025 1020 2090 quae
1029 2003 1093 2068 fuit
1102 2025 1178 2089 pars
1193 2003 1438 2090 tripertitorum,
1451 2025 1570 2091 parum

424 2108 601 2175 dilucidam
623 2107 798 2192 imaginem
817 2106 921 2195 ferme
943 2104 1145 2204 adumbrari*
1158 2105 1266 2172 video.
1303 2103 1458 2192 Vulgaris
1484 2108 1571 2174 enim

493 2382 514 2448 ¹)
528 2375 639 2436 Certum
652 2386 711 2434 eius
723 2385 765 2434 rei
777 2398 903 2434 caussam
916 2381 1128 2448 significandam
1141 2383 1260 2434 obtrusit
1272 2383 1421 2449 Pomponio
1434 2384 1573 2436 Huschkii

424 2485 536 2520 manus:
555 2469 602 2533 qui
621 2469 794 2519 enuntiatum
817 2467 890 2533 qnod
912 2468 1039 2532 sequitur
1063 2471 1158 2532 aperte
1183 2472 1338 2533 corruptum
1363 2470 1436 2520 ‘Hos
1459 2477 1572 2521 sectatur

424 2557 461 2605 ed
477 2556 575 2620 aliquid
591 2562 631 2604 ert
649 2555 720 2605 Cato.
756 2555 856 2604 Deinde
874 2552 913 2603 M.
935 2553 1013 2603 Oato’
1029 2590 1033 2600 .
1049 2588 1076 2602 ..
1096 2547 1232 2619 prioribus
1251 2553 1340 2603 iunxit
1359 2557 1412 2604 ita:
1433 2560 1515 2620 ‘quor
1534 2564 1571 2606 ta-

425 2657 480 2690 men
498 2641 598 2706 quidam
617 2645 710 2703 negent
728 2641 839 2689 eiusdem
857 2654 925 2697 eree,
945 2639 1002 2688 sed
1018 2639 1064 2689 hor
1083 2641 1203 2689 sectati
1225 2641 1260 2689 ad
1282 2641 1380 2706 aliquid
1397 2639 1472 2690 Aeli
1490 2641 1570 2691 Cati.

425 2726 525 2775 Deinde
544 2724 583 2775 M.
603 2725 677 2776 Coto’
692 2762 698 2774 .
713 2762 718 2774 .
734 2744 755 2781 .,·
773 2741 799 2789 p.
814 2725 862 2775 183
883 2739 923 2788 sq.
943 2739 977 2773 ne
995 2723 1050 2774 hac
1069 2723 1178 2788 quidem
1190 2724 1226 2773 in
1244 2740 1273 2774 re
1291 2723 1418 2789 privatus
1436 2724 1573 2792 Rrrdorifii

426 2825 551 2861 assensu.
575 2809 612 2859 At
629 2825 721 2875 neque
737 2813 850 2875 propter
868 2810 985 2860 formam
1004 2811 1134 2860 ‘eiusdem’
1154 2823 1210 2872 qua
1228 2809 1416 2862 tantummodo
1436 2811 1574 2876 excipitur

425 2897 502 2962 prius
520 2897 651 2952 ‘eiusdem’
670 2895 711 2944 ita
728 2897 853 2960 grassari
871 2895 955 2958 ficet,
975 2899 1003 2945 et
1020 2910 1107 2946 novus
1125 2893 1174 2945 ille
1194 2895 1318 2960 quisquis
1337 2895 1392 2945 fuit
1409 2895 1507 2946 Aelius
1521 2894 1573 2946 Ce-

426 2986 470 3031 tus
489 2970 584 3031 d'ebuit
603 2980 703 3031 saltem
721 2978 824 3030 diserte
843 2981 939 3030 ‘alius'
958 2976 1122 3046 praedicari.
1158 2979 1277 3032 Accedit
1295 2981 1367 3045 quod
1386 2979 1451 3031 cati
1470 2997 1572 3048 cogno·

426 3081 488 3117 men
506 3065 674 3131 Pomponius
694 3065 778 3116 'antea
795 3075 830 3115 ne
849 3067 934 3116 verbo
955 3065 1065 3130 quidem
1084 3065 1191 3130 attigit:
1214 3065 1318 3116 inferre
1337 3065 1447 3130 quidem
1464 3067 1573 3117 Husch-

426 3150 491 3201 kius
508 3165 591 3200 ausus
611 3154 667 3213 est,
687 3166 720 3200 ex
731 3150 888 3201 Florentini
906 3150 965 3202 eod.
984 3151 1121 3216 scriptura
1140 3149 1214 3200 ‘Secu
1235 3151 1343 3214 Caelios'
1364 3151 1480 3202 eliciens
1497 3151 1572 3206 ‘Sem

428 3237 528 3303 Catus
540 3235 641 3285 Aelias’
660 3235 702 3301 (p.
722 3235 788 3296 178)
807 3251 920 3300 prorsus
942 3235 1070 3285 inaudita
1094 3234 1279 3288 collocatione
1299 3239 1472 3302 atque-quae
1492 3235 1574 3298 dissi-

426 3320 551 3370 millimis
578 3320 684 3370 Balbus
711 3320 852 3381 Lucilius,
879 3320 975 3370 Labeo
1003 3320 1140 3374 Antistius
1168 3325 1221 3371 ete.
1254 3323 1366 3373 minime
1396 3321 1573 3374 defendatur.
1624 3316 1625 3320 ’

428 3404 545 3455 Omnino
564 3405 668 3474 frustra
686 3404 835 3470 quidquam
854 3403 962 3455 efficias
982 3421 1017 3456 ex
1037 3405 1092 3455 isto
1104 3407 1179 3470 *vitio
1197 3405 1307 3473 vulgari
1324 3409 1353 3457 in
1372 3407 1498 3459 codicum
1517 3424 1573 3460 me·

426 3490 514 3541 moria
537 3488 585 3552 (cf.
609 3487 820 3539 Kaemmererus
844 3489 925 3540 Obss.
948 3491 1000 3543 iur.
1026 3490 1077 3540 civ.
1102 3491 1162 3554 p.I
1185 3491 1300 3564 devita
1325 3493 1352 3546 S.
1372 3492 1491 3558 Caecilii
1514 3493 1573 3544 ICti

378 3598 382 3603 ·
427 3592 454 3640 p.
474 3577 515 3626 32.
535 3577 577 3625 45.
596 3575 630 3624 48
648 3589 674 3623 n.
693 3573 753 3638 26)ε
771 3577 803 3624 ut
821 3565 905 3624 simili
922 3574 1001 3626 modo
1019 3577 1083 3642 Dig.
1104 3579 1144 3639 33,
1165 3576 1189 3636 9,
1209 3579 1225 3628 3
1243 3578 1258 3638 ὅ
1277 3581 1292 3628 9
1312 3578 1374 3632 Sex.
1395 3577 1574 3629 Caecilius

430 3659 576 3711 exhibetur
599 3672 648 3724 pro
671 3658 735 3710 Sex.
753 3659 867 3725 Aelio,
892 3660 964 3725 quod
987 3677 1085 3712 nomen
1109 3677 1142 3712 ex
1167 3661 1257 3713 Gellio
1276 3664 1308 3714 N.
1326 3664 1359 3717 A.
1378 3663 1417 3715 1v
1436 3666 1464 3726 1,
1483 3666 1518 3716 20
1541 3663 1573 3714 de

430 3745 528 3799 eadem
551 3761 581 3796 re
599 3744 728 3797 tradente
747 3745 947 3797 restituendum
966 3751 1021 3799 est:
1046 3748 1094 3796 ubi
1111 3749 1192 3812 gravi
1216 3763 1306 3800 errore
1324 3749 1348 3802 1.
1367 3749 1397 3802 F.
1418 3748 1574 3801 Gronovius

429 3830 550 3882 Gellium
569 3847 604 3882 ex
620 3831 746 3897 Digestis
766 3832 904 3898 corrigere
922 3831 1033 3895 maluit,
1054 3833 1165 3883 scilicet
1177 3832 1303 3884 Servium
1323 3833 1474 3900 Sulpicium
1497 3839 1575 3885 ratus

429 3915 572 3968 Ciceronis
596 3915 740 3980 aequalem
760 3917 821 3970 Sex.
842 3917 961 3968 Caecilii
979 3917 1097 3968 celebris
1120 3917 1265 3969 Hadriano
1288 3922 1423 3984 regnante
1441 3919 1503 3970 ICti
1526 3919 1573 3983 (et.

429 4000 537 4053 Cellius
556 4002 608 4053 XX
627 4000 653 4065 1)
672 4001 780 4067 placita
797 4001 902 4054 referre
921 4003 1055 4067 potuisse.
1073 4003 1164 4054 -Ac
1188 4003 1305 4055 latuisse
1328 4005 1439 4056 videtur
1456 4003 1574 4070 Pompo-

428 4088 505 4136 nium
522 4086 600 4138 illius
619 4087 789 4152 cognominis
811 4088 898 4138 ratio:
922 4089 970 4151 qui
993 4088 1155 4152 ceteroquin
1178 4104 1210 4140 eo
1233 4104 1289 4140 non
1306 4091 1395 4140 minus
1414 4105 1480 4140 usus
1500 4095 1576 4142 esset

429 4174 514 4236 atque
531 4172 547 4233 ξ
565 4174 597 4224 37
616 4171 772 4238 Sempronii
789 4177 872 4238 ‘quem
886 4175 997 4237 papatus
1015 4172 1140 4224 Romanus
1160 4169 1256 4237 (οφόν
1274 4177 1421 4239 appellavit’
1442 4180 1491 4226 aut
1509 4177 1524 4238 ἓ
1542 4179 1575 4228 38

414 4255 511 4306 ¹Atilii
530 4258 578 4321 qni
596 4259 703 4322 ‘primus
721 4274 737 4307 a
751 4260 848 4322 populo
867 4257 979 4322 Sapiens
997 4261 1141 4322 appellatur
1159 4263 1218 4310 εει)
1237 4285 1271 4296 -
1288 4261 1347 4310 Iam
1372 4275 1404 4312 eo
1421 4260 1483 4310 loco
1502 4261 1575 4312 unde

429 4341 548 4406 proiecti
566 4339 673 4407 sumus,
693 4342 779 4394 ‘Ouio’
797 4343 889 4409 priore
907 4344 969 4393 loco
988 4341 1135 4394 delendum
1154 4348 1196 4394 est
1214 4344 1333 4396 fortasse
1353 4361 1386 4398 ex
1404 4345 1486 4396 titulo
1503 4361 1575 4396 mar·

323 4421 326 4427 ’
430 4425 490 4492 gisi
509 4425 649 4492 adscripto
667 4427 825 4478 oriundum:
849 4432 880 4478 ut
898 4442 967 4478 sana
991 4427 1124 4493 procedat
1141 4431 1294 4480 sententia:
1315 4431 1384 4482 ‘Hos
1405 4437 1517 4482 sectetur
1541 4435 1577 4484 ad

429 4513 528 4578 atiqrtid
544 4518 584 4562 eet
600 4514 691 4564 deiude
703 4515 742 4568 M.
758 4514 833 4578 Cato,
850 4515 974 4580 princeps
991 4514 1103 4564 Porciae
1119 4515 1243 4578 factitiae,
1263 4517 1333 4566 cuiae
1351 4524 1376 4568 et
1393 4517 1452 4566 libri
1468 4523 1575 4574 extant:

429 4598 478 4648 red
491 4598 603 4661 plures
619 4598 658 4648 M.
673 4601 724 4662 filii
740 4602 805 4659 eius,
831 4616 866 4650 ex
888 4597 976 4666 quibua
995 4601 1075 4650 ceteri
1092 4602 1227 4653 oriuntur)
1263 4601 1307 4651 Ita
1326 4603 1398 4654 enim
1416 4605 1494 4652 recte
1513 4619 1571 4654 cor-

423 4683 486 4748 rigi
504 4682 538 4733 ab
556 4681 701 4736 Huschkio
719 4687 893 4751 p.185puto
912 4684 1078 4750 scripturam
1095 4685 1227 4738 librorum
1246 4688 1303 4738 ‘sed
1317 4690 1420 4752 plorimi
1433 4689 1483 4752 filii
1500 4691 1573 4740 eius!
