3709 5634
442 649 480 714 18
719 726 723 730 Α
860 668 983 717 csrvr
1005 669 1153 720 eamve.

516 821 675 887 ceterum
689 830 727 887 ut
740 820 823 908 legis
838 824 1014 908 memoria,
1035 825 1083 890 ita
1101 824 1247 890 studium
1265 844 1397 914 quoque
1416 829 1550 916 proprie
1566 851 1587 894 a

437 922 669 990 iureconsultis
690 925 727 989 in
747 947 820 990 eam
835 924 992 991 collatum
1007 926 1085 991 dum
1099 927 1204 1012 magis
1219 928 1391 1015 magisque
1405 932 1585 1014 evanescit,

344 1102 347 1107 y
437 1025 472 1089 in
489 1025 669 1114 provinciis
689 1027 927 1116 aliquantisper
946 1037 1143 1094 remoratum
1159 1051 1231 1094 asse
1245 1029 1387 1096 videtur.
1418 1031 1505 1097 Nam
1520 1053 1586 1120 quo

436 1135 583 1216 tempore
598 1127 773 1196 Salvianus
788 1130 1006 1196 Massiliensis
1028 1129 1069 1195 de
1084 1129 1348 1217 Carthaginiensi
1370 1131 1453 1218 legis
1475 1141 1585 1199 exem-

327 1307 330 1311 ·
355 1276 361 1295 ,
435 1229 520 1319 plari
546 1239 709 1314 testatur,
727 1229 841 1298 eodem
861 1233 1006 1312 Leonem
1031 1232 1194 1320 quendam
1219 1243 1253 1298 et
1271 1234 1530 1302 iureconsultum
1551 1246 1586 1302 ct

435 1342 568 1418 poetam
582 1334 738 1400 Narbone
750 1335 821 1400 XII
835 1335 965 1401 tabulas
982 1334 1133 1401 docuisse
1141 1336 1167 1424 ¹)
1183 1358 1226 1401 ex
1235 1335 1362 1401 Sidonii
1373 1335 1582 1423 Apollinaris

434 1433 543 1520 elogio
556 1424 722 1503 Narbonis
739 1438 853 1525 (earm.
870 1438 1010 1523 XXIII)
1027 1439 1245 1525 comperimus
1261 1463 1294 1505 v.
1309 1438 1372 1503 446
1388 1461 1459 1527 sqq.

719 1598 780 1656 sive
795 1597 839 1656 ud
851 1597 1011 1672 doctiloqui
1022 1595 1129 1657 Leonis
1144 1597 1247 1670 cedes,
1330 1583 1332 1588 ¹
1405 1663 1412 1684 Ι

720 1715 778 1774 quc
792 1699 836 1759 bis
850 1716 905 1759 sex
920 1699 1038 1759 tubulus
1053 1700 1175 1760 docente
1187 1701 1265 1772 ¹turis

720 1804 798 1862 ultro
814 1800 958 1861 Claudius
973 1801 1089 1885 Appius
1097 1807 1215 1885 'taceret
1440 1877 1445 1888 .

718 1903 1242 1986 duroobscurs'ortndecemu‘rutu.
1322 1933 1324 1938 ·

516 2015 724 2140 Quamquam
739 2053 836 2140 quale
849 2051 1060 2139 potissimum
1074 2052 1176 2119 fuerit
1190 2052 1252 2118 hcc
1267 2050 1430 2136 studium,
1446 2075 1489 2130 ex
1504 2055 1579 2122 istis

430 2157 607 2223 verborum
620 2156 804 2222 tumoribus
819 2177 937 2243 parum
952 2177 1161 2241 auguramur.
1190 2155 1313 2220 Verum
1326 2151 1389 2219 hoc
1403 2155 1437 2220 in
1452 2159 1578 2224 veteris

430 2260 505 2325 aevi
525 2259 618 2324 exitu
637 2258 704 2322 iam
725 2266 907 2324 extremum
927 2258 1105 2344 vestigium
1125 2267 1263 2344 apparet
1283 2256 1366 2342 legis
1392 2257 1576 2326 adhibitae.

323 2371 327 2380 ·
429 2359 484 2426 Ειι
503 2359 564 2426 hoc
585 2361 673 2426 enim
691 2359 924 2449 tempore-alto
945 2359 1074 2426 silentio
1095 2361 1233 2446 tegitur,
1260 2367 1294 2424 et
1312 2357 1361 2432 ab
1387 2360 1577 2428 rhetoribus
1664 2413 1667 2420 .

428 2463 719 2551 grammaticisque
734 2475 767 2529 et
782 2486 802 2527 a
816 2463 997 2550 patristieis
1013 2463 1246 2549 scriptoribus,
1268 2461 1357 2549 apud
1373 2485 1455 2550 quos
1471 2488 1577 2552 usque

430 2564 513 2630 adeo
528 2567 739 2653 quantumvis
760 2588 836 2630 rara
858 2567 1013 2632 exstabat
1033 2565 1104 2630 XII
1123 2564 1312 2632 tabularum
1333 2568 1471 2650 mentio,
1498 2578 1580 2654 post

428 2669 652 2755 Augustinum
664 2678 698 2734 et
710 2668 901 2736 Saluianum
911 2691 1047 2755 prorsus
1063 2667 1235 2734 derelicta:
1252 2691 1325 2734 cum
1340 2669 1468 2755 quaein
1480 2669 1579 2735 ICto·

426 2794 499 2837 rum
513 2781 665 2840 veterum
680 2771 812 2859 scriptis
835 2793 952 2858 sparsa
972 2771 1163 2838 ferebantur
1182 2770 1388 2854 testimonia,
1414 2771 1510 2858 quasi
1531 2794 1579 2838 ex

425 2876 509 2962 legis
524 2874 699 2962 naufragio
715 2875 751 2940 in
765 2873 832 2941 alto
848 2873 996 2940 errantia
1010 2874 1233 2940 Iustinianeae
1244 2871 1486 2961 compilationis
1498 2895 1578 2960 por-

424 2986 462 3042 tu
482 2977 623 3065 excepta
639 2987 731 3060 sunt,
756 2975 815 3043 ubi
835 2977 1116 3064 conquiescerent.
1151 2975 1282 3064 Scripta
1297 2985 1405 3041 autem
1420 2978 1579 3064 exempla

427 3079 552 3146 dudum
566 3080 802 3145 interciderant
815 3081 944 3164 omnia,
968 3103 1030 3145 nec
1048 3080 1154 3166 magis
1176 3102 1218 3144 ex
1239 3079 1481 3144 commentariis
1501 3089 1577 3145 tum

423 3181 735 3270 praeterGaianum
754 3181 841 3247 ullus
856 3181 991 3262 videtur
1009 3183 1138 3270 integer
1158 3191 1323 3268 superstes
1338 3181 1453 3247 fuisse.
1483 3182 1577 3248 Hinc

423 3284 466 3350 de
485 3307 598 3351 eorum
613 3284 678 3349 fide
691 3283 905 3348 iudicandum
920 3277 986 3368 est,
1013 3307 1097 3372 quae
1112 3307 1133 3349 a
1151 3282 1354 3372 quibusdam
1364 3283 1406 3348 de
1421 3287 1575 3351 tractatis

423 3388 524 3451 etiam
538 3387 647 3453 medio
663 3409 745 3453 aevo
761 3385 833 3451 XII
847 3385 969 3453 tabulis
991 3410 1034 3454 ex
1054 3410 1142 3454 vana
1162 3387 1328 3452 auditione
1348 3387 1454 3472 magis
1471 3410 1575 3474 quam

380 3564 384 3570 ¹
423 3510 466 3552 ex
485 3487 629 3576 limpidis
650 3489 799 3555 fontibus
820 3488 940 3556 hausta
959 3489 1144 3556 traduntur.
1176 3488 1305 3554 Nullius
1321 3489 1409 3553 enim
1423 3512 1502 3554 usus
1519 3501 1575 3556 est

422 3589 512 3676 quod
535 3591 655 3658 Petrus
681 3591 723 3657 de
748 3592 882 3676 Graion
911 3592 1060 3680 quidam,
1090 3593 1269 3659 monachus
1290 3591 1459 3678 Hispanus
1480 3593 1574 3660 eirca

435 3765 628 3779 Ἣ

490 3881 510 3949 ¹)
528 3885 616 3953 Quem
634 3883 707 3951 quod
723 3885 807 3953 vulgo
829 3885 946 3938 eundem
968 3889 1070 3953 putant
1092 3902 1154 3938 esse
1177 3890 1261 3950 atque
1281 3873 1403 3938 Leonem
1420 3885 1516 3936 Eurici
1538 3892 1573 3938 et

420 3969 526 4021 Alarici
544 3971 695 4030 Gothorum
716 3987 812 4040 regum
834 3972 1025 4032 consiliarium
1048 3969 1101 4036 (ci.
1120 3971 1271 4037 Gregorius
1288 3971 1385 4024 Mirac.
1410 3972 1424 4022 I
1446 3969 1511 4038 92),
1530 3972 1572 4022 ad

420 4070 502 4119 quem
520 4056 627 4109 Sidonii
645 4057 717 4109 duae
736 4057 875 4122 epistulae
893 4060 958 4108 sunt
975 4057 1014 4108 IV
1031 4059 1064 4106 22
1084 4060 1112 4107 et
1129 4055 1198 4108 VIII
1215 4060 1245 4108 3:
1268 4058 1297 4108 id
1314 4057 1493 4108 vehementer
1517 4056 1571 4106 ad·

325 4207 331 4216 ¹
420 4141 524 4192 dubito.
558 4143 629 4195 Nam
652 4143 708 4193 etsi
725 4143 791 4193 huie
813 4143 970 4193 sententiae
993 4142 1065 4193 bene
1090 4143 1238 4193 convenire
1260 4141 1391 4196 videntur
1413 4146 1442 4192 et
1465 4143 1569 4193 carmi-

419 4239 483 4275 num
495 4227 599 4279 Leonis
618 4232 646 4280 et
663 4225 896 4279 declamationum
907 4225 1005 4278 laudes
1025 4227 1061 4277 ci.
1074 4227 1170 4279 v1113
1189 4231 1326 4294 ‘suspende
1341 4230 1486 4295 perorandi
1501 4229 1572 4279 illud

418 4326 516 4375 quaeque
534 4313 720 4365 celeberrimum
735 4316 827 4379 flumen
845 4316 914 4381 quod
929 4329 980 4364 non
996 4314 1247 4377 optemperandum
1268 4315 1316 4365 sed
1336 4317 1496 4367 domesticum
1519 4315 1571 4365 tibi

418 4397 535 4461 quodque
552 4401 579 4448 in
597 4407 663 4450 tmen
676 4408 767 4465 pectus
781 4417 833 4465 per
848 4402 984 4450 succidam
1006 4405 1105 4450 aetates
1128 4399 1160 4448 ab
1184 4405 1257 4449 utnon
1276 4399 1407 4452 Frontone
1430 4401 1566 4463 transfun-

418 4481 497 4529 ditur’
514 4481 635 4549 itemque
654 4486 763 4551 antiqui
780 4487 915 4538 sermonis
934 4487 1054 4536 studium
1072 4484 1267 4542 laudatumIV
1278 4488 1311 4536 22
1330 4491 1410 4538 ‘nemo
1429 4493 1453 4536 te
1471 4488 1567 4537 celsius

416 4567 562 4631 scripserit,
580 4585 651 4622 nemo
669 4574 809 4639 antiquius,
828 4575 928 4623 eticnssi
947 4575 1050 4637 placeat
1066 4574 1181 4622 recentia
1198 4574 1293 4638 quni':
1311 4576 1404 4622 tamen
1415 4571 1495 4621 illum
1507 4572 1564 4621 To-

416 4648 495 4700 losae
512 4653 541 4702 in
554 4655 638 4720 regia
655 4657 732 4723 ipsa,
750 4673 806 4726 non
823 4657 953 4710 Narbone
971 4658 1091 4724 versari,
1109 4661 1141 4708 ut
1158 4655 1290 4722 decebat,
1308 4659 1350 4710 ita
1368 4657 1485 4708 alterius
1496 4649 1565 4724 'epi-

415 4737 507 4789 stulae
525 4739 606 4792 initio
623 4741 726 4794 diserte
742 4741 907 4799 iudicatur(
1074 4735 1086 4756 ‘
