3709 5634
516 665 563 712 DE
587 663 773 713 Dvonmclrr
796 663 1010 713 TABVLARVM
1031 663 1213 734 MEMORIA..
1416 653 1450 718 7.

284 820 436 900 tinerent,
444 827 501 882 aut
511 826 728 884 commutatae
740 827 799 883 aut
808 816 976 885 oblivione
987 818 1194 888 oblitteratae
1206 831 1325 887 essent.
1337 821 1434 886 Unde

284 921 373 1007 quod
394 930 489 986 sexto
510 919 641 987 saeculo
660 922 856 1007 interpretes
871 920 1054 986 extiterunt
1073 921 1155 1007 legis
1171 921 1248 988 Sex.
1263 921 1379 988 Aelius
1401 934 1434 988 et

284 1025 325 1088 L.
347 1023 491 1105 Acilius,
514 1045 617 1110 aeque
637 1022 823 1110 explicatur
851 1032 952 1110 atque
978 1023 1066 1115 quod
1091 1024 1196 1089 eidem
1219 1023 1260 1090 de
1281 1021 1434 1092 vocabuli

285 1133 419 1191 ‘Imaus’
441 1126 574 1192 notione
594 1126 719 1190 frustra
739 1126 1026 1212 quaesiverunt¹),
1048 1127 1133 1191 sicut
1157 1136 1274 1212 postea
1296 1126 1338 1192 ab
1359 1126 1434 1192 aliis

283 1228 469 1316 quaesitum
489 1238 540 1294 est
562 1226 604 1293 de
618 1227 795 1294 Sanatibus
816 1238 850 1293 et
863 1228 992 1293 Forctis
1000 1275 1009 1310 ,
1025 1225 1066 1294 de
1082 1234 1198 1308 ‘pedem
1214 1235 1318 1294 strait’
1334 1239 1396 1295 etc.
1405 1229 1431 1316 ²)

285 1329 420 1396 Scilicet
439 1330 483 1395 ad
509 1329 617 1396 fontes
639 1339 673 1394 et
694 1329 901 1412 indagandos
926 1338 959 1395 at
979 1330 1222 1397 exhauriendos
1249 1332 1337 1397 omni
1364 1341 1434 1398 tum

284 1432 473 1498 adiumento
488 1431 663 1498 destitutos
677 1431 781 1498 fuisse
796 1433 961 1498 Romanos
984 1432 1065 1498 satis
1081 1432 1181 1500 etiam
1200 1432 1334 1500 aliunde
1349 1456 1432 1500 com·

284 1535 440 1623 perimus.
800 1560 802 1563 ·

370 1635 523 1703 Ceterum
547 1636 596 1704 illi
616 1635 829 1703 iureconsulti
849 1647 953 1725 opera*
970 1659 1031 1704 sua
1052 1637 1119 1723 legi
1143 1637 1373 1725 explanandae
1399 1649 1432 1704 et

284 1762 359 1805 cum
373 1740 578 1826 provectiore
597 1740 678 1804 iuris
700 1739 837 1804 scientia
851 1739 1077 1805 conciliandae
1092 1740 1343 1827 impertita‘etsi
1358 1762 1431 1824 gra·
1463 1821 1469 1828 Ι

284 1851 354 1906 tum
367 1841 478 1907 facere
490 1840 611 1928 populo
626 1841 677 1905 ius
692 1842 861 1918 exercenti
875 1842 972 1929 enixe
993 1842 1205 1925 studuerunt,
1226 1851 1335 1907 tamen
1351 1851 1430 1906 tern-

284 1943 372 2030 poris
388 1944 546 2030 iniquitas
562 1943 684 2024 effecit,
704 1953 742 2008 ut
760 1944 828 2007 iam
846 1943 911 2030 ipsi
934 1945 1043 2030 potius
1066 1943 1133 2029 legi
1154 1966 1248 2031 quam
1271 1944 1434 2008 communi

284 2045 358 2110 usui
372 2045 579 2129 consuluisse
594 2046 797 2111 viderentur.
821 2044 971 2132 Namque
987 2068 1197 2112 succrescens
1215 2047 1250 2110 in
1265 2045 1335 2110 dies
1350 2046 1434 2110 iuris

284 2149 422 2214 materia
435 2170 512 2227 cum
525 2148 622 2213 nimis
638 2155 861 2214 coarctaretur
876 2149 974 2213 certis
989 2147 1072 2234 legis
1088 2157 1121 2213 et
1135 2148 1301 2214 actionum
1313 2147 1434 2214 finibus

285 2252 454 2333 restricta,
480 2249 557 2315 inde
577 2273 599 2315 a
617 2250 756 2336 septimo
782 2248 913 2315 saeculo
942 2251 1135 2337 supergredi
1159 2250 1239 2316 fines
1269 2259 1436 2338 tamquam

286 2353 391 2417 amnis
406 2352 571 2417 inundans
587 2352 706 2438 eoepit.
735 2349 839 2416 Simul
854 2361 951 2416 aucta
965 2345 1125 2440 novisque
1140 2353 1258 2417 studiis
1273 2353 1435 2420 instructa

286 2453 496 2542 prudentium
519 2454 669 2520 doctrina
686 2446 807 2519 laetius
828 2452 1072 2520 efflorescebat:
1101 2477 1184 2541 quae
1204 2477 1324 2521 novam
1345 2455 1435 2521 viam

286 2578 328 2620 ex
339 2555 542 2622 Graecorum
556 2555 740 2621 imitatione
754 2555 903 2640 ingressa
912 2555 1098 2623 absolutam
1113 2579 1152 2622 ac
1167 2579 1226 2644 per
1241 2579 1276 2622 se
1292 2566 1434 2623 stantem

285 2657 365 2723 iuris
387 2658 495 2724 civilis
521 2657 776 2744 descriptionem
800 2657 963 2723 conficere
985 2681 1085 2746 quam
1110 2659 1289 2724 subsistere
1312 2659 1346 2722 in
1372 2679 1435 2722 usu

286 2761 447 2826 maiorum
466 2762 651 2826 inveterato
672 2760 862 2847 malebat.³)
892 2760 1010 2848 Itaque
1028 2759 1100 2846 lege
1120 2760 1265 2826 Aebutia
1285 2758 1433 2825 sublatae

233 2880 237 2886 ·
287 2874 363 2928 sunt
379 2862 461 2949 legis
477 2863 640 2928 actiones:
657 2885 723 2949 qua
736 2860 808 2947 lege
821 2860 891 2926 lata
905 2867 1047 2928 ‘omnem
1062 2861 1153 2926 illam
1165 2861 1236 2925 XII
1248 2861 1434 2927 tabularum

287 2966 516 3053 antiquitatem
529 2965 595 3030 nisi
606 2965 642 3028 in
655 2964 738 3050 legis
751 2951 934 3029 actionibus
946 2963 1231 3029 centumviralium
1243 2985 1433 3028 caussarum

287 3068 493 3154 consopitam
502 3074 586 3131 esse'
597 3067 720 3152 gaudet
730 3064 971 3132 iureconsultus
984 3065 1072 3152 apud
1084 3064 1230 3131 Gellium
1239 3064 1281 3128 N.
1294 3064 1336 3129 A.
1350 3063 1434 3129 XVI

289 3171 339 3251 10,
354 3170 421 3254 8.⁴)
452 3169 537 3234 'l'um
557 3167 623 3234 alia
642 3167 747 3234 multa
761 3166 889 3253 exlege
904 3190 978 3233 cum
993 3167 1060 3232 iam
1078 3167 1185 3232 minus
1200 3164 1436 3252 responderent

288 3271 421 3340 mutatis
437 3271 594 3358 temporis
609 3271 810 3354 rationibus,
825 3269 1011 3335 necessario
1027 3268 1082 3336 vel
1098 3268 1280 3334 deserenda
1295 3266 1348 3334 vel
1364 3289 1433 3332 cor·

287 3373 424 3460 rigenda
438 3373 585 3438 fuerunt:
601 3382 640 3438 ut
653 3373 797 3439 reductis
814 3394 852 3438 ea
866 3381 975 3438 aetate
991 3371 1121 3437 assibus
1134 3369 1343 3458 pecuniariae
1357 3391 1433 3456 poe·

288 3499 349 3542 nae
367 3475 496 3540 iniuriis
518 3483 662 3541 statutae
683 3474 753 3540 fere
772 3477 888 3540 inanes
914 3495 954 3539 ac
974 3473 1134 3539 ridiculae
1162 3473 1311 3538 redditae
1338 3480 1430 3536 sunt:

292 3601 356 3666 qua
376 3578 418 3643 de
438 3586 571 3642 renota
592 3586 668 3642 sunt
688 3599 772 3665 quae
799 3576 841 3641 de
861 3576 898 3641 L.
922 3575 1059 3641 Veratio
1080 3577 1244 3640 Antistius
1266 3573 1379 3639 Labeo
1400 3573 1455 3636 in'

289 3679 380 3746 libris
402 3679 446 3744 ad
467 3678 538 3744 XII
559 3679 689 3746 tabulas
712 3678 907 3764 conscriptis
933 3678 1035 3742 refert
1062 3676 1261 3762 transcripta
1286 3697 1306 3738 a
1326 3673 1435 3740 Gellio

290 3782 357 3860 XX
374 3783 403 3865 1,
422 3783 461 3848 13
477 3783 561 3870 eqni)
593 3781 667 3864 Quo
682 3781 806 3846 factum
822 3790 883 3862 est,
898 3790 936 3846 ut
950 3778 1151 3865 pedetentim
1167 3777 1232 3842 alia
1246 3799 1284 3841 ac
1299 3799 1385 3841 nova
1400 3777 1435 3838 in

293 3939 494 3950 -.--—--

356 4040 376 4104 ¹)
396 4038 497 4092 Cicero
515 4039 549 4090 de
567 4039 622 4104 leg.
642 4040 670 4090 11
689 4042 731 4102 23,
750 4039 792 4088 59.

355 4126 377 4188 ²)
398 4126 435 4177 cf.
453 4126 576 4192 resep.
594 4127 653 4176 321.
672 4141 698 4190 p.
716 4127 776 4176 310.

355 4212 377 4275 ³)
397 4212 434 4263 ci.
453 4211 636 4262 Mommsenns
654 4209 689 4259 H.
709 4210 741 4259 R.
761 4209 789 4259 II
807 4225 834 4274 p.
852 4207 902 4258 409
921 4205 963 4280 ed.
982 4208 1006 4256 2.

347 4281 376 4364 ⁵⁴)
397 4297 435 4348 cf.
455 4297 542 4347 Gaius
559 4295 627 4345 Iast.
640 4295 679 4345 IV
697 4296 730 4346 30
748 4308 789 4358 sq.
809 4293 887 4344 caius
907 4305 1045 4343 consensu
1063 4293 1138 4340 certo
1157 4288 1278 4338 efficitur
1296 4287 1385 4338 oleum
1405 4292 1433 4336 et

292 4399 402 4448 operam
421 4381 575 4448 perdidisse
593 4381 641 4445 qui
658 4379 745 4430 talem
763 4380 820 4430 vim
837 4393 893 4428 non
911 4391 973 4426 esse
993 4379 1021 4426 et
1032 4375 1103 4440 legis
1116 4373 1253 4424 Aebutiae
1272 4379 1301 4423 et
1314 4373 1435 4424 Gelliani

292 4467 441 4519 testimonii
458 4465 553 4516 multis
570 4465 664 4517 verbis
682 4463 823 4515 contendit
838 4464 880 4514 Io.
892 4462 954 4513 Nic.
967 4460 1106 4510 Funccius
1124 4459 1158 4508 de
1177 4457 1239 4524 lege
1257 4458 1377 4509 Aebutia
1396 4457 1433 4506 le·

292 4568 351 4617 gum
369 4553 423 4603 XII
441 4551 547 4602 tabulis
570 4567 626 4601 non
643 4550 804 4614 derogante.
831 4545 949 4598 Rintelii
962 4533 1042 4596 1144.
1065 4547 1090 4594 4.
1127 4543 1185 4595 Cat.
1204 4543 1258 4596 vid.
1277 4540 1434 4593 Rudorffius

292 4637 320 4686 in
336 4638 409 4688 Hist.
429 4638 479 4687 iur.
498 4652 565 4690 rom.
583 4637 597 4688 I
614 4651 641 4700 p.
661 4637 718 4686 104.
738 4635 795 4685 106.

361 4720 382 4788 ⁵)
402 4721 511 4772 Abusus
530 4724 573 4771 est
590 4719 643 4770 bac
661 4716 872 4770 narratiuncula
888 4715 1050 4766 Huschkius
1066 4715 1095 4764 in
1113 4714 1184 4764 libro
1203 4713 1312 4765 ‘Gaius'
1330 4729 1358 4779 p.
1378 4712 1435 4774 12⁷,
