3709 5634
368 661 404 708 VI
842 657 1040 705 PRAEFATIO

453 815 524 878 Iam
546 837 624 879 vero
647 837 720 878 cum
748 816 958 900 scriptionem
985 835 1090 876 meam
1118 813 1213 893 ordo,
1243 836 1340 899 quam
1368 814 1512 900 praemio

368 937 511 1009 ornaret,
535 927 671 1010 dignam
692 925 884 1006 iudicasset,
916 947 954 988 ea
975 934 1012 989 ut
1034 924 1158 1011 publici
1187 925 1268 989 iuris
1291 925 1378 989 facta
1401 933 1433 989 et
1455 947 1510 989 ex-

366 1048 478 1102 ternae
507 1037 688 1123 elegantiae
723 1015 821 1102 decus
850 1037 1013 1123 acciperet
1047 1046 1079 1100 et
1111 1035 1277 1122 aliquanto
1311 1035 1512 1102 emendatior

366 1148 527 1235 prodiret,
551 1151 674 1233 insigni
696 1148 903 1213 Friderici
918 1146 1141 1212 Ritschelii
1163 1148 1382 1234 praeceptoris
1398 1148 1511 1211 huma-

262 1237 272 1246 ·
366 1262 495 1324 nissimi
518 1260 622 1346 deque
637 1262 718 1324 meis
733 1258 1096 1346 rebus'optimemeriti
1118 1257 1277 1324 beneficio
1299 1258 1422 1323 factum
1444 1268 1509 1324 est:

368 1375 424 1457 qui
453 1382 485 1435 et
512 1371 724 1458 bibliopolam
754 1371 1020 1436 honestissimum
1047 1371 1254 1456 Lipsiensem
1283 1392 1355 1434 mea
1384 1391 1509 1452 caussa,

366 1494 403 1547 ut
425 1492 574 1570 sumptus
597 1482 701 1546 libelli
724 1482 842 1546 edendi
864 1483 1036 1569 praeberet
1043 1463 1063 1564 ,¹
1076 1459 1217 1546 addukit
1240 1491 1272 1546 et
1293 1480 1512 1546 bibliothecae

366 1596 548 1659 Bonnensis
568 1594 725 1658 subsidiis
746 1594 861 1659 utendi
884 1596 1010 1681 copiam
1026 1592 1107 1657 mihi
1128 1592 1349 1678 largissimam
1371 1595 1510 1678 paravit.

366 1706 493 1770 Eodem
524 1706 746 1770 intercedente
781 1705 985 1769 Martinus
1020 1704 1214 1768 Hertzius
1249 1726 1291 1768 ex
1329 1726 1415 1791 penu
1453 1728 1512 1769 sua

366 1817 518 1882 Gelliana
543 1839 651 1880 meum
678 1818 713 1880 in
739 1839 834 1880 usum
862 1816 1031 1902 quidquid¹
1051 1815 1094 1880 ad
1121 1814 1227 1900 legem
1255 1817 1432 1902 pertineret
1454 1817 1509 1880 de-

365 1930 525 2015 prompsit
546 1928 691 2013 mihique
712 1929 760 1991 ita
781 1924 1016 2010 commodavit,
1039 1937 1075 1990 ut
1098 1929 1303 1992 coniunctam
1317 1949 1392 1992 cum
1415 1927 1512 1992 solita

366 2050 398 2103 et
420 2061 516 2127 saepe
537 2038 611 2102 aliis
628 2048 765 2124 experta
780 2041 843 2103 viri
858 2037 1072 2103 illustrissimi
1088 2011 1310 2103 munificentia
1326 2040 1511 2103 comitatem

364 2173 431 2214 non
461 2147 542 2214 'satis
575 2149 746 2213 dilaudare
778 2152 909 2236 possim.
965 2151 1116 2236 Denique
1149 2171 1191 2211 ne
1218 2148 1280 2213 hoc
1317 2150 1449 2235 quidem
1476 2152 1511 2214 in

365 2283 463 2347 opere
492 2260 597 2324 defuit
625 2260 707 2324 mihi
730 2261 895 2325 Ottonis
918 2262 941 2325 J
948 2238 1059 2324 alinii
1087 2261 1306 2347 praeceptoris
1333 2262 1368 2324 in
1396 2262 1509 2346 paucis

270 2439 274 2444 ,
365 2371 493 2436 colendi
524 2394 621 2458 quam
643 2394 770 2458 semper
792 2373 953 2458 praestitit
976 2394 1053 2436 cura
1076 2380 1108 2434 et
1130 2373 1318 2436 auctoritas.
1363 2371 1510 2451 Quorum

365 2485 510 2547 virorum
525 2484 646 2554 eximia
667 2485 703 2546 in
717 2505 769 2546 me
791 2483 976 2570 librumque
998 2485 1063 2548 iam
1085 2481 1291 2570 proditurum
1305 2483 1423 2546 merita
1437 2505 1511 2546 cum
1615 2520 1622 2528 ι

364 2593 499 2658 tandem
519 2593 651 2680 publice
672 2594 861 2680 praedicare
876 2616 949 2658 cum
965 2595 1143 2678 gratissimi
1159 2595 1260 2658 animi
1280 2595 1510 2659 testificatione

364 2705 478 2787 liceat,
512 2715 582 2769 tum
609 2727 674 2769 non
706 2705 880 2790 indignum
912 2705 975 2769 hoc
1007 2706 1079 2770 istis
1114 2706 1237 2769 meritis
1265 2714 1510 2770 monumentum

366 2800 524 2902 pervelim
545 2817 587 2880 ab
609 2817 690 2902 ipsis
709 2807 856 2902 agnosci.

449 2913 674 3013 Reliquiarum
687 2927 886 2992 edendarum
901 2929 1045 2992 instituti
1060 2928 1213 3014 quoniam
1225 2929 1259 2992 in
1271 2913 1516 3014 prolegomenis¹

365 3040 525 3102 rationem
553 3038 699 3121 reddidi,
728 3039 823 3125 plura
844 3039 988 3126 praefari
1010 3039 1057 3103 nil
1079 3041 1213 3103 attinet:
1236 3062 1337 3103 unum
1358 3038 1445 3103 addo
1468 3039 1509 3102 de

365 3151 561 3214 testimoniis
583 3149 665 3233 legis
687 3151 723 3213 in
744 3150 881 3214 alteram
902 3150 1115 3237 reliquiarum
1138 3149 1320 3215 columnam
1342 3152 1509 3216 coniectis.

367 3260 462 3341 Quae
483 3283 558 3324 cum
579 3259 676 3346 plena
698 3261 848 3324 exhiberi
870 3263 942 3348 ipsa
963 3262 1220 3346 fragmentorum
1243 3261 1391 3327 condicio
1417 3261 1508 3345 flagi-

365 3373 459 3453 tarit,
484 3393 557 3434 cum
578 3380 688 3434 tamen
709 3371 843 3434 modum
864 3393 997 3434 servare
1018 3376 1054 3435 in
1075 3371 1186 3436 haere
1201 3371 1290 3436 haud
1313 3393 1390 3434 sane
1412 3370 1509 3434 facile

366 3482 479 3546 fuerit:
508 3481 570 3546 hoc
591 3481 726 3545 adfirmo
749 3481 832 3545 nihil
859 3505 911 3546 me
934 3485 1095 3570 recepisse
1122 3485 1188 3550 nisi
1215 3483 1302 3570 quod
1330 3504 1445 3570 reapse
1466 3484 1509 3547 ad

365 3592 472 3678 legem
493 3594 656 3680 pertinere
677 3603 734 3658 aut
763 3616 804 3656 ex
832 3596 1102 3682 interpretatione
1124 3595 1207 3680 legis
1235 3595 1416 3681 profectum
1439 3617 1510 3659 esse

361 3689 556 3791 'persuasum
578 3702 727 3768 habeam.

450 3815 573 3879 Verum
589 3814 666 3878 dum
681 3814 772 3901 prelo
794 3819 953 3902 premitur
975 3816 1122 3899 libellus,
1147 3816 1321 3880 subnatum
1336 3827 1384 3882 est
1400 3841 1509 3884 eorum

361 3911 448 4012 'quae
481 3936 538 3990 aut
570 3925 717 3991 addidici
751 3936 808 3991 aut
846 3950 929 4014 quae
963 3927 1114 3994 secundis
1149 3927 1235 3990 curis
1272 3927 1404 3994 edoctus
1438 3951 1508 3992 sum

366 4036 585 4124 spicilegium:
622 4060 704 4124 quae
732 4060 804 4101 cum
832 4040 900 4102 suis
927 4038 1007 4105 locis
1035 4039 1149 4126 reponi
1176 4060 1242 4103 non
1275 4041 1340 4104 iam
1367 4051 1509 4127 possent,

365 4148 408 4210 ad
431 4139 552 4211 calcem
574 4147 670 4212 huius
693 4150 903 4236 praefationis
927 4150 1062 4214 subieci.
1166 4151 1167 4154 ’

383 4377 389 4383 ’
452 4411 481 4468 p.
506 4393 538 4464 1,
564 4395 582 4451 3
605 4395 644 4452 cf.
667 4394 727 4452 rh.
743 4395 951 4453 Mommsenus
973 4394 1006 4452 in
1025 4393 1140 4454 Annal.
1162 4396 1234 4454 inst.
1258 4392 1409 4454 archaeol.
1428 4396 1508 4456 1858

366 4512 398 4570 p.
422 4493 492 4551 194.
518 4496 577 4554 196
590 4515 647 4574 sq,
672 4496 711 4556 de
733 4496 922 4556 tribunorum
939 4495 1147 4575 aediliumque
1164 4516 1256 4575 quam
1272 4496 1367 4556 fuisse
1384 4497 1509 4576 quidam

366 4592 492 4653 tradunt
506 4596 588 4656 Livii
611 4607 750 4658 auctores
772 4599 851 4676 legis
867 4599 1026 4656 curatione
1039 4580 1124 4658 ¹recte
1139 4597 1279 4658 iudicans
1295 4597 1336 4658 ib.
1355 4600 1414 4659 185
1431 4621 1462 4660 n.
1480 4603 1508 4658 l.

368 4696 427 4755 193
451 4718 481 4756 n.
506 4700 534 4758 3.
571 4699 616 4758 At
636 4700 719 4759 idem
741 4700 824 4779 quod
848 4702 880 4759 in
904 4708 1036 4780 quaestt.
1059 4721 1133 4760 rom.
1156 4722 1187 4781 p.
1212 4704 1274 4762 300
1289 4721 1335 4782 sq.
1359 4700 1509 4763 1129111
